2077 3139
296 139 396 192 122
954 138 1225 181 ΚΡΗΣΣΑῙ

295 299 430 346 supra
467 300 511 345 p.
541 282 678 344 103).
729 285 1044 357 Aristophanis
1079 282 1231 329 locum
1264 283 1370 329 Ran.
1401 283 1525 330 849:
1564 299 1601 329 ω
1637 271 1886 366 Κρητικὰς

291 350 380 414 μὲν
406 350 649 415 συλλέγων
675 350 942 419 μονῳδίας,
977 345 1162 415 γοὶμους
1197 341 1239 397 δ’
1267 342 1495 407 ἀνοσίους
1530 349 1798 410 εἰσφέρων,
1834 362 1885 399 ut

292 425 470 471 Scholia
497 425 700 483 tradunt,
738 425 811 470 alii
839 424 968 470 aliter
1007 424 1291 499 interpretati
1320 431 1449 483 sunt,
1477 412 1806 479 Ἀπολλώνιος
1833 418 1884 469 δὲ

291 487 369 539 ὅτι
399 486 601 539 δύναται
628 489 711 539 καὶ
738 491 804 549 εἰς
830 484 921 552 τήν
950 484 1188 554 Ἀερόπην
1213 481 1302 553 τὴν
1329 488 1382 537 ἐν
1415 494 1520 547 ταῖς
1546 486 1794 554 Κρήσσαις
1819 490 1882 538 εἰ·

293 563 503 624 ρησθαι,
550 556 615 622 ἣν
660 555 884 625 εἰσήγαγε
921 561 1188 624 (Euripides)
1223 554 1575 621 πορνεύουσαν.
1637 563 1883 640 Sophocles

291 637 360 680 Ai.
392 634 525 682 1297
565 637 783 681 Teucrum
819 635 930 680 haec
962 634 1067 680 facit
1102 633 1298 679 Menelao
1337 634 1698 715 maledicentem:
1737 623 1883 689 αυτὸς

293 699 346 750 δὲ
381 695 572 782 μητρὸς
605 700 772 762 ἐξέφυς
806 699 1038 766 Κρήσσης
1074 703 1299 779 (Aeropen
1338 703 1485 760 dicit),
1532 692 1604 762 ἐφ’
1643 696 1675 767 ᾐ
1718 693 1884 762 λαβὼν

294 766 506 820 ἐπακτὸν
540 763 679 834 ἄνδρ’
722 765 746 819 ὁ
782 769 988 832 φιτύσας
1029 763 1189 835 πατὴρ
1227 768 1411 849 ἐφῆκεν
1449 771 1690 835 (Aeropen)
1731 769 1884 830 ἑλλοῖς

293 839 501 927 ἰχθύσιν
531 836 828 903 διαφθοραν.
889 845 964 890 ubi
1003 832 1246 904 801101ωὴ
1284 840 1481 921 ἱστορία
1506 837 1557 887 ἕν
1591 844 1695 898 ταῖς
1722 837 1885 903 Κρήσ-

291 929 400 971 σαις
424 906 763 974 Εὐριπίδου,
747 909 820 960 ότι
847 912 1210 973 διαφθαρεῖσαν
1236 902 1393 971 αὐτὴν
1421 905 1585 975 λαθρα
1610 902 1710 958 ὑπὸ
1735 906 1883 972 θερά-

291 1000 470 1040 ποντος
495 978 519 1030 ὁ
547 975 705 1044 πατὴρ
733 984 952 1061 (Catreus)
976 980 1215 1047 Ναυπλίῳ
1242 980 1525 1060 παρέδωκεν
1551 976 1883 1041 ἐντειλαμένος

291 1054 682 1101 καταποιτῶσαι·
719 1070 743 1100 ο
783 1050 834 1101 δὲ
870 1043 960 1099 οὐκ
997 1049 1245 1131 εποίησεν,
1287 1041 1403 1098 ἀλλ’
1434 1045 1694 1114 ἐνεγγύησε
1733 1052 1882 1099 Πλει-

290 1121 473 1174 σθένει.
522 1126 730 1186 Apollod.
760 1126 817 1184 3,
846 1125 902 1184 2,
931 1124 985 1169 2:
1018 1113 1258 1184 Ἀερόπην
1294 1119 1346 1169 δὲ
1380 1118 1462 1167 καὶ
1490 1120 1748 1182 Κλυμένην
1784 1124 1883 1169 Κα-

290 1188 432 1254 τρεύς
453 1193 696 1274 Ναυπλίῳ
724 1192 925 1242 δίδωσιν
950 1190 1017 1249 εἰς
1041 1185 1323 1248 αλλοδαποις
1349 1182 1581 1252 ἠπείρους
1601 1184 1878 1253 ἆπεμπολῆ-

289 1278 398 1312 σαι·
437 1258 623 1311 τούτων
654 1244 895 1325 Ἀερόπην
931 1260 1020 1324 μὲν
1055 1260 1201 1347 ἔγημε
1238 1260 1540 1324 Πλεισθένης
1584 1258 1668 1308 καὶ
1703 1259 1882 1318 παῖδας

286 1328 620 1414 Ἀγαμέμνονα
669 1331 752 1381 καὶ
802 1331 1064 1380 Μενέλαον
1113 1330 1267 1392 ἔτεκε,
1327 1329 1588 1393 Κλυμένην
1640 1328 1692 1412 δὲ
1739 1335 1889 1395 γαμεῖ

291 1397 561 1462 Ναύπλιος.
613 1406 817 1468 Apollod
845 1407 902 1462 2,
946 1408 1001 1463 1,
1031 1405 1086 1452 5:
1125 1404 1374 1481 (Nauplius)
1411 1400 1614 1465 ἔγημεν,
1655 1420 1809 1459 ως-
1835 1418 1883 1448 οι

289 1490 509 1538 τραγικοι
547 1470 766 1536 λέγουσι,
813 1471 1072 1535 Κλυμένην
1114 1464 1204 1534 τὴν
1241 1470 1483 1536 Κατρέως.
1553 1475 1746 1520 fortasse
1794 1476 1883 1520 huc

288 1548 570 1594 referendum
599 1547 651 1592 fr
681 1547 796 1594 848.

1039 1652 1141 1705 463

455 1741 601 1814 λύπη
631 1767 731 1815 μεν
760 1740 861 1816 ἄτῃ
893 1755 1212 1813 περιπεσεῖν
1243 1744 1439 1815 αἰσχρᾷ
1468 1756 1604 1797 τινι·

456 1833 504 1884 εἰ
537 1826 581 1883 δ’
616 1828 717 1884 οὐν
746 1829 974 1898 γένοιτο,
1008 1825 1108 1898 χρὴ
1140 1833 1475 1898 περιστεῖλαι
1506 1827 1684 1891 καλῶς

453 1909 766 1980 κρύπτοντα
797 1913 887 1966 καὶ
917 1909 990 1983 μὴ
1024 1914 1156 1966 πᾶσι
1186 1908 1483 1982 κηρύσσειν
1512 1907 1665 1965 ταδε·

452 1998 622 2066 γέλως
652 1993 755 2066 γὰρ
789 1998 1008 2066 ἐχθροῖς
1039 2001 1282 2066 γίγνεται
1313 1991 1378 2050 τὰ
1407 1992 1605 2050 τοιάδε.

391 2093 518 2139 stoh.
545 2092 665 2138 Flor.
695 2092 811 2151 109,
842 2092 885 2138 7.

1029 2184 1133 2237 464

454 2272 555 2332 οὐκ
586 2270 655 2330 ἂν
689 2274 881 2331 δύναιο
912 2272 983 2346 μὴ
1016 2271 1205 2346 uam-&v
1237 2271 1609 2346 εὐδαιμονεῖν,

453 2356 679 2431 αἰσχρόν
709 2383 766 2415 τε
795 2369 1029 2431 μοχθεῖν
1059 2358 1130 2431 μὴ
1161 2361 1353 2415 θέλειν
1381 2364 1626 2414 νεανίαν.

392 2455 516 2502 Stob.
546 2456 666 2502 Flor.
697 2456 778 2515 29,
809 2457 887 2504 23.

1023 2563 1127 2616 465

454 2653 742 2724 ἐπίσταμαι
777 2653 834 2708 δὲ
867 2656 957 2708 καὶ
988 2658 1318 2724 πεπείραμαι
1349 2658 1491 2722 λίαν,

454 2734 524 2801 ὡς
554 2739 665 2792 τῶν
698 2735 934 2806 ἐχόντων
965 2735 1164 2803 πάντες
1195 2734 1482 2804 ἅνθρωποι
1513 2738 1678 2805 φίλοι.

390 2832 516 2879 Stob.
542 2833 660 2878 Flor.
689 2833 781 2892 91,
821 2833 865 2879 7.
916 2849 978 2879 vs,
1017 2834 1044 2879 2
1086 2835 1277 2880 recurrit
1313 2832 1438 2879 Stoh.
1475 2831 1596 2878 Flor.
1634 2831 1728 2888 92,
1765 2828 1794 2877 5
1832 2836 1877 2876 et

284 2902 395 2948 Men.
424 2916 544 2947 mon.
576 2903 690 2950 558.
