<?xml version="1.0" encoding="UTF-8"?>
<!DOCTYPE html PUBLIC "-//W3C//DTD XHTML 1.0 Transitional//EN"
    "http://www.w3.org/TR/xhtml1/DTD/xhtml1-transitional.dtd">
<html xmlns="http://www.w3.org/1999/xhtml" xml:lang="en" lang="en">
 <head>
  <title>
</title>
<meta http-equiv="Content-Type" content="text/html;charset=utf-8" />
  <meta name='ocr-system' content='tesseract 3.04.00' />
  <meta name='ocr-capabilities' content='ocr_page ocr_carea ocr_par ocr_line ocrx_word'/>
</head>
<body>
  <div class='ocr_page' id='page_1' title='image "./euripidistragoe03euriuoft_0330.png"; bbox 0 0 2077 3139; ppageno 0'>
   <div class='ocr_carea' id='block_1_1' title="bbox 288 148 1277 202">
    <p class='ocr_par' dir='ltr' id='par_1_1' title="bbox 288 148 1277 202">
     <span class='ocr_line' id='line_1_1' title="bbox 288 148 1277 202; baseline -0.008 0"><span class='ocrx_word' id='word_1_1' title='bbox 288 148 392 202; x_wconf 80' lang='lat'><strong><em>298</em></strong></span> <span class='ocrx_word' id='word_1_2' title='bbox 881 150 1277 195; x_wconf 80' lang='lat' dir='ltr'><strong>INCERTARVM</strong></span> 
     </span>
    </p>
   </div>
   <div class='ocr_carea' id='block_1_2' title="bbox 288 284 1876 481">
    <p class='ocr_par' dir='ltr' id='par_1_2' title="bbox 288 284 1876 481">
     <span class='ocr_line' id='line_1_2' title="bbox 288 284 1876 373; baseline 0.003 -35"><span class='ocrx_word' id='word_1_3' title='bbox 288 289 471 373; x_wconf 76' lang='grc' dir='ltr'><strong><em>ριπίδῃ.</em></strong></span> <span class='ocrx_word' id='word_1_4' title='bbox 539 308 596 341; x_wconf 81' lang='lat' dir='ltr'><strong><em>an</em></strong></span> <span class='ocrx_word' id='word_1_5' title='bbox 638 284 897 355; x_wconf 74' lang='grc' dir='ltr'><em>ἀμβλῶπες</em></span> <span class='ocrx_word' id='word_1_6' title='bbox 938 292 1210 354; x_wconf 85' lang='lat' dir='ltr'><strong>legendum?</strong></span> <span class='ocrx_word' id='word_1_7' title='bbox 1275 296 1406 341; x_wconf 85' lang='lat' dir='ltr'>Rhes.</span> <span class='ocrx_word' id='word_1_8' title='bbox 1453 296 1579 343; x_wconf 85' lang='grc'><strong>737.</strong></span> <span class='ocrx_word' id='word_1_9' title='bbox 1622 289 1876 358; x_wconf 77' lang='grc' dir='ltr'><strong><em>ἀμβλῶπες</em></strong></span> 
     </span>
     <span class='ocr_line' id='line_1_3' title="bbox 288 355 1141 481; baseline 0.005 -74"><span class='ocrx_word' id='word_1_10' title='bbox 288 355 454 424; x_wconf 70' lang='grc' dir='ltr'><em>αὐγαί.</em></span> <span class='ocrx_word' id='word_1_11' title='bbox 1007 428 1141 481; x_wconf 73' lang='grc'>1082</span> 
     </span>
    </p>
   </div>
   <div class='ocr_carea' id='block_1_3' title="bbox 455 502 670 576">
    <p class='ocr_par' dir='ltr' id='par_1_3' title="bbox 455 502 670 576">
     <span class='ocr_line' id='line_1_4' title="bbox 455 502 670 576; baseline 0.005 -17"><span class='ocrx_word' id='word_1_12' title='bbox 455 502 670 576; x_wconf 76' lang='grc' dir='ltr'><strong><em>ἀπάγου</em></strong></span> 
     </span>
    </p>
   </div>
   <div class='ocr_carea' id='block_1_4' title="bbox 286 590 1877 734">
    <p class='ocr_par' dir='ltr' id='par_1_4' title="bbox 286 590 1877 734">
     <span class='ocr_line' id='line_1_5' title="bbox 392 590 1877 678; baseline 0.001 -33"><span class='ocrx_word' id='word_1_13' title='bbox 392 602 551 648; x_wconf 86' lang='lat' dir='ltr'>Anecd.</span> <span class='ocrx_word' id='word_1_14' title='bbox 573 602 701 648; x_wconf 83' lang='lat' dir='ltr'>Bekk.</span> <span class='ocrx_word' id='word_1_15' title='bbox 729 602 911 662; x_wconf 84' lang='lat' dir='ltr'>p.414,</span> <span class='ocrx_word' id='word_1_16' title='bbox 944 602 1029 648; x_wconf 88' lang='lat'><strong><em>15:</em></strong></span> <span class='ocrx_word' id='word_1_17' title='bbox 1057 592 1272 678; x_wconf 75' lang='grc' dir='ltr'><strong><em>ἀπάγου·</em></strong></span> <span class='ocrx_word' id='word_1_18' title='bbox 1299 590 1407 646; x_wconf 76' lang='grc' dir='ltr'><strong><em>ἀντὶ</em></strong></span> <span class='ocrx_word' id='word_1_19' title='bbox 1434 602 1523 648; x_wconf 83' lang='grc' dir='ltr'><strong><em>τοῦ</em></strong></span> <span class='ocrx_word' id='word_1_20' title='bbox 1547 595 1669 664; x_wconf 79' lang='grc' dir='ltr'><strong><em>πρὸς</em></strong></span> <span class='ocrx_word' id='word_1_21' title='bbox 1695 615 1877 648; x_wconf 87' lang='grc' dir='ltr'><strong><em>σαυτον</em></strong></span> 
     </span>
     <span class='ocr_line' id='line_1_6' title="bbox 286 659 1874 734; baseline 0.001 -15"><span class='ocrx_word' id='word_1_22' title='bbox 286 665 461 732; x_wconf 70' lang='grc' dir='ltr'><strong><em>ἄπαγε.</em></strong></span> <span class='ocrx_word' id='word_1_23' title='bbox 501 664 790 732; x_wconf 72' lang='grc' dir='ltr'><strong><em>Εὐριπίδης.</em></strong></span> <span class='ocrx_word' id='word_1_24' title='bbox 836 673 890 718; x_wconf 83' lang='lat' dir='ltr'><strong><em>ef.</em></strong></span> <span class='ocrx_word' id='word_1_25' title='bbox 910 672 1067 717; x_wconf 80' lang='lat' dir='ltr'>Suidas</span> <span class='ocrx_word' id='word_1_26' title='bbox 1093 686 1132 718; x_wconf 89' lang='lat' dir='ltr'><strong><em>v.</em></strong></span> <span class='ocrx_word' id='word_1_27' title='bbox 1158 659 1352 732; x_wconf 79' lang='grc' dir='ltr'><strong><em>ἆποῖγου</em></strong></span> <span class='ocrx_word' id='word_1_28' title='bbox 1378 680 1422 718; x_wconf 83' lang='lat' dir='ltr'><strong><em>et</em></strong></span> <span class='ocrx_word' id='word_1_29' title='bbox 1447 673 1550 718; x_wconf 90' lang='lat' dir='ltr'>Zon.</span> <span class='ocrx_word' id='word_1_30' title='bbox 1573 674 1675 718; x_wconf 81' lang='lat' dir='ltr'>Lex.</span> <span class='ocrx_word' id='word_1_31' title='bbox 1701 689 1742 734; x_wconf 91' lang='lat' dir='ltr'><strong><em>p.</em></strong></span> <span class='ocrx_word' id='word_1_32' title='bbox 1757 673 1874 722; x_wconf 83' lang='lat'><strong><em>283.</em></strong></span> 
     </span>
    </p>
   </div>
   <div class='ocr_carea' id='block_1_5' title="bbox 287 791 1878 1099">
    <p class='ocr_par' dir='ltr' id='par_1_5' title="bbox 287 791 1877 1096">
     <span class='ocr_line' id='line_1_7' title="bbox 1018 791 1151 844; baseline 0.008 -1"><span class='ocrx_word' id='word_1_33' title='bbox 1018 791 1151 844; x_wconf 86' lang='lat'>1083</span> 
     </span>
     <span class='ocr_line' id='line_1_8' title="bbox 458 866 866 940; baseline -0.002 -16"><span class='ocrx_word' id='word_1_34' title='bbox 458 866 866 940; x_wconf 76' lang='grc' dir='ltr'><strong><em>ἐμβοιμσόμενος</em></strong></span> 
     </span>
     <span class='ocr_line' id='line_1_9' title="bbox 391 957 1878 1026; baseline 0.001 -16"><span class='ocrx_word' id='word_1_35' title='bbox 391 966 531 1026; x_wconf 86' lang='lat' dir='ltr'>Etym.</span> <span class='ocrx_word' id='word_1_36' title='bbox 560 965 670 1010; x_wconf 86' lang='lat' dir='ltr'>Gud.</span> <span class='ocrx_word' id='word_1_37' title='bbox 697 980 738 1025; x_wconf 91' lang='lat' dir='ltr'><strong><em>p.</em></strong></span> <span class='ocrx_word' id='word_1_38' title='bbox 771 966 887 1023; x_wconf 88' lang='lat'>183,</span> <span class='ocrx_word' id='word_1_39' title='bbox 916 965 1002 1011; x_wconf 83' lang='lat'><strong><em>27:</em></strong></span> <span class='ocrx_word' id='word_1_40' title='bbox 1031 957 1418 1025; x_wconf 81' lang='grc' dir='ltr'><strong><em>ἐμβριμώμενος·</em></strong></span> <span class='ocrx_word' id='word_1_41' title='bbox 1445 960 1679 1026; x_wconf 80' lang='grc' dir='ltr'><strong><em>ἐπιτιμῶν</em></strong></span> <span class='ocrx_word' id='word_1_42' title='bbox 1699 991 1762 1000; x_wconf 92' lang='lat'><em>-</em></span> <span class='ocrx_word' id='word_1_43' title='bbox 1783 967 1878 1011; x_wconf 82' lang='grc' dir='ltr'><strong><em>κεῖ-</em></strong></span> 
     </span>
     <span class='ocr_line' id='line_1_10' title="bbox 287 1023 1877 1099; baseline 0.001 -20"><span class='ocrx_word' id='word_1_44' title='bbox 287 1051 364 1080; x_wconf 85' lang='grc' dir='ltr'><strong><em>ται</em></strong></span> <span class='ocrx_word' id='word_1_45' title='bbox 393 1028 493 1081; x_wconf 83' lang='grc' dir='ltr'><strong><em>ὁὲ</em></strong></span> <span class='ocrx_word' id='word_1_46' title='bbox 468 1052 499 1095; x_wconf 82' lang='grc' dir='ltr'><strong><em>η</em></strong></span> <span class='ocrx_word' id='word_1_47' title='bbox 526 1031 645 1091; x_wconf 80' lang='grc' dir='ltr'><strong><em>λέξις</em></strong></span> <span class='ocrx_word' id='word_1_48' title='bbox 671 1029 721 1079; x_wconf 83' lang='grc' dir='ltr'><strong><em>ἐν</em></strong></span> <span class='ocrx_word' id='word_1_49' title='bbox 747 1051 814 1098; x_wconf 80' lang='grc' dir='ltr'><strong><em>τῳ</em></strong></span> <span class='ocrx_word' id='word_1_50' title='bbox 800 1023 1096 1099; x_wconf 84' lang='grc' dir='ltr'><strong><em>Ευριπίὸῃ.</em></strong></span> <span class='ocrx_word' id='word_1_51' title='bbox 1139 1036 1382 1096; x_wconf 86' lang='lat' dir='ltr'>Aeschylus</span> <span class='ocrx_word' id='word_1_52' title='bbox 1409 1033 1560 1082; x_wconf 81' lang='lat' dir='ltr'><strong>dixit</strong></span> <span class='ocrx_word' id='word_1_53' title='bbox 1543 1033 1723 1092; x_wconf 86' lang='grc' dir='ltr'><strong><em>ι’ττπους</em></strong></span> <span class='ocrx_word' id='word_1_54' title='bbox 1750 1029 1794 1080; x_wconf 78' lang='grc' dir='ltr'><strong><em>δ’</em></strong></span> <span class='ocrx_word' id='word_1_55' title='bbox 1825 1031 1877 1082; x_wconf 82' lang='grc' dir='ltr'><strong><em>ἐν</em></strong></span> 
     </span>
    </p>
   </div>
   <div class='ocr_carea' id='block_1_6' title="bbox 286 1096 1341 1167">
    <p class='ocr_par' dir='ltr' id='par_1_6' title="bbox 286 1096 1341 1167">
     <span class='ocr_line' id='line_1_11' title="bbox 286 1096 1341 1167; baseline 0 -16"><span class='ocrx_word' id='word_1_56' title='bbox 286 1096 628 1167; x_wconf 72' lang='grc' dir='ltr'><strong><em>ἀμπυκτῆρσιν</em></strong></span> <span class='ocrx_word' id='word_1_57' title='bbox 664 1099 1029 1166; x_wconf 81' lang='grc' dir='ltr'><strong><em>έμβριμωαένας</em></strong></span> <span class='ocrx_word' id='word_1_58' title='bbox 1066 1105 1186 1165; x_wconf 83' lang='lat' dir='ltr'>Sept.</span> <span class='ocrx_word' id='word_1_59' title='bbox 1224 1105 1341 1153; x_wconf 82' lang='lat'>461.</span> 
     </span>
    </p>
   </div>
   <div class='ocr_carea' id='block_1_7' title="bbox 390 1226 1713 1571">
    <p class='ocr_par' dir='ltr' id='par_1_7' title="bbox 390 1226 1713 1571">
     <span class='ocr_line' id='line_1_12' title="bbox 1021 1226 1156 1278; baseline 0 -1"><span class='ocrx_word' id='word_1_60' title='bbox 1021 1226 1156 1278; x_wconf 87' lang='grc'><strong>1084</strong></span> 
     </span>
     <span class='ocr_line' id='line_1_13' title="bbox 456 1300 814 1359; baseline -0.006 0"><span class='ocrx_word' id='word_1_61' title='bbox 456 1300 814 1359; x_wconf 80' lang='grc' dir='ltr'><strong><em>εὖπαιδευσία</em></strong></span> 
     </span>
     <span class='ocr_line' id='line_1_14' title="bbox 390 1388 1713 1464; baseline 0.002 -20"><span class='ocrx_word' id='word_1_62' title='bbox 390 1398 547 1445; x_wconf 83' lang='lat' dir='ltr'>Pollux</span> <span class='ocrx_word' id='word_1_63' title='bbox 574 1399 622 1458; x_wconf 86' lang='lat'><strong><em>9,</em></strong></span> <span class='ocrx_word' id='word_1_64' title='bbox 652 1399 775 1446; x_wconf 85' lang='lat'><strong><em>161:</em></strong></span> <span class='ocrx_word' id='word_1_65' title='bbox 804 1393 888 1443; x_wconf 83' lang='grc' dir='ltr'><strong><em>καὶ</em></strong></span> <span class='ocrx_word' id='word_1_66' title='bbox 915 1388 946 1458; x_wconf 79' lang='grc' dir='ltr'>ἡ</span> <span class='ocrx_word' id='word_1_67' title='bbox 972 1391 1092 1459; x_wconf 81' lang='grc' dir='ltr'><strong><em>παρ’</em></strong></span> <span class='ocrx_word' id='word_1_68' title='bbox 1110 1388 1361 1464; x_wconf 73' lang='grc' dir='ltr'><strong><em>Εὐριπίδῃ</em></strong></span> <span class='ocrx_word' id='word_1_69' title='bbox 1386 1390 1713 1447; x_wconf 82' lang='grc' dir='ltr'><strong><em>εὖπαιὸευσία.</em></strong></span> 
     </span>
     <span class='ocr_line' id='line_1_15' title="bbox 1011 1518 1143 1571; baseline 0.008 -1"><span class='ocrx_word' id='word_1_70' title='bbox 1011 1518 1143 1571; x_wconf 83' lang='grc'>1085</span> 
     </span>
    </p>
   </div>
   <div class='ocr_carea' id='block_1_8' title="bbox 455 1593 666 1660">
    <p class='ocr_par' dir='ltr' id='par_1_8' title="bbox 455 1593 666 1660">
     <span class='ocr_line' id='line_1_16' title="bbox 455 1593 666 1660; baseline -0.009 -8"><span class='ocrx_word' id='word_1_71' title='bbox 455 1593 666 1660; x_wconf 75' lang='grc' dir='ltr'><strong><em>θυστάς</em></strong></span> 
     </span>
    </p>
   </div>
   <div class='ocr_carea' id='block_1_9' title="bbox 287 1684 1879 1899">
    <p class='ocr_par' dir='ltr' id='par_1_9' title="bbox 287 1684 1879 1899">
     <span class='ocr_line' id='line_1_17' title="bbox 391 1684 1879 1767; baseline -0.001 -28"><span class='ocrx_word' id='word_1_72' title='bbox 391 1691 539 1739; x_wconf 85' lang='lat' dir='ltr'>Schol.</span> <span class='ocrx_word' id='word_1_73' title='bbox 574 1693 782 1752; x_wconf 81' lang='lat' dir='ltr'>Aeschyl.</span> <span class='ocrx_word' id='word_1_74' title='bbox 824 1693 946 1767; x_wconf 86' lang='lat' dir='ltr'>Sept.</span> <span class='ocrx_word' id='word_1_75' title='bbox 985 1692 1112 1739; x_wconf 84' lang='lat'>269:</span> <span class='ocrx_word' id='word_1_76' title='bbox 1156 1684 1431 1767; x_wconf 71' lang='grc' dir='ltr'><strong><em>θυστάδος]</em></strong></span> <span class='ocrx_word' id='word_1_77' title='bbox 1473 1690 1559 1752; x_wconf 87' lang='grc' dir='ltr'><strong><em>τῆς</em></strong></span> <span class='ocrx_word' id='word_1_78' title='bbox 1602 1707 1734 1753; x_wconf 83' lang='grc' dir='ltr'><strong><em>παρα</em></strong></span> <span class='ocrx_word' id='word_1_79' title='bbox 1775 1707 1879 1748; x_wconf 76' lang='grc' dir='ltr'><strong><em>ταις</em></strong></span> 
     </span>
     <span class='ocr_line' id='line_1_18' title="bbox 288 1751 1878 1840; baseline 0 -32"><span class='ocrx_word' id='word_1_80' title='bbox 288 1761 484 1816; x_wconf 80' lang='grc' dir='ltr'><strong><em>θυσίαις</em></strong></span> <span class='ocrx_word' id='word_1_81' title='bbox 514 1758 797 1823; x_wconf 78' lang='grc' dir='ltr'><strong><em>γινομένης,</em></strong></span> <span class='ocrx_word' id='word_1_82' title='bbox 829 1751 922 1836; x_wconf 75' lang='grc' dir='ltr'><strong><em>ἀφ’</em></strong></span> <span class='ocrx_word' id='word_1_83' title='bbox 962 1753 1024 1820; x_wconf 74' lang='grc' dir='ltr'><strong><em>ἧς</em></strong></span> <span class='ocrx_word' id='word_1_84' title='bbox 1059 1756 1208 1807; x_wconf 81' lang='grc' dir='ltr'><strong><em>ἐνίοτε</em></strong></span> <span class='ocrx_word' id='word_1_85' title='bbox 1244 1758 1327 1807; x_wconf 75' lang='grc' dir='ltr'><strong><em>καὶ</em></strong></span> <span class='ocrx_word' id='word_1_86' title='bbox 1363 1779 1394 1823; x_wconf 83' lang='grc' dir='ltr'><strong><em>η</em></strong></span> <span class='ocrx_word' id='word_1_87' title='bbox 1409 1754 1602 1840; x_wconf 85' lang='grc' dir='ltr'><strong><em>Βακχη.</em></strong></span> <span class='ocrx_word' id='word_1_88' title='bbox 1653 1760 1878 1823; x_wconf 85' lang='grc' dir='ltr'><strong><em>σημαίνει</em></strong></span> 
     </span>
     <span class='ocr_line' id='line_1_19' title="bbox 287 1821 1876 1899; baseline 0 -21"><span class='ocrx_word' id='word_1_89' title='bbox 287 1824 380 1896; x_wconf 74' lang='grc' dir='ltr'><strong><em>γὰρ</em></strong></span> <span class='ocrx_word' id='word_1_90' title='bbox 406 1829 489 1878; x_wconf 85' lang='grc' dir='ltr'><strong><em>καὶ</em></strong></span> <span class='ocrx_word' id='word_1_91' title='bbox 515 1830 655 1877; x_wconf 84' lang='grc' dir='ltr'><strong><em>τοῦτο</em></strong></span> <span class='ocrx_word' id='word_1_92' title='bbox 682 1827 763 1877; x_wconf 82' lang='grc' dir='ltr'><strong><em>καὶ</em></strong></span> <span class='ocrx_word' id='word_1_93' title='bbox 784 1821 874 1891; x_wconf 82' lang='grc' dir='ltr'><strong><em>τήν</em></strong></span> <span class='ocrx_word' id='word_1_94' title='bbox 900 1822 1136 1889; x_wconf 69' lang='grc' dir='ltr'><strong><em>καθαρὰν</em></strong></span> <span class='ocrx_word' id='word_1_95' title='bbox 1162 1827 1364 1891; x_wconf 78' lang='grc' dir='ltr'><strong><em>ἐσθῆτα,</em></strong></span> <span class='ocrx_word' id='word_1_96' title='bbox 1389 1821 1452 1888; x_wconf 79' lang='grc' dir='ltr'><strong><em>ὦς</em></strong></span> <span class='ocrx_word' id='word_1_97' title='bbox 1477 1848 1573 1895; x_wconf 78' lang='grc' dir='ltr'><strong><em>παρ</em></strong></span> <span class='ocrx_word' id='word_1_98' title='bbox 1579 1824 1876 1899; x_wconf 78' lang='grc' dir='ltr'><strong><em>Ἐυριπίδῃ.</em></strong></span> 
     </span>
    </p>
   </div>
   <div class='ocr_carea' id='block_1_10' title="bbox 459 1968 1383 2131">
    <p class='ocr_par' dir='ltr' id='par_1_10' title="bbox 459 1968 1383 2131">
     <span class='ocr_line' id='line_1_20' title="bbox 1008 1968 1141 2020; baseline 0.015 -2"><span class='ocrx_word' id='word_1_99' title='bbox 1008 1968 1141 2020; x_wconf 87' lang='grc'>1086</span> 
     </span>
     <span class='ocr_line' id='line_1_21' title="bbox 459 2056 1383 2131; baseline 0.002 -19"><span class='ocrx_word' id='word_1_100' title='bbox 459 2056 737 2128; x_wconf 78' lang='grc' dir='ltr'><strong><em>βάσκανον</em></strong></span> <span class='ocrx_word' id='word_1_101' title='bbox 767 2060 1022 2129; x_wconf 83' lang='grc' dir='ltr'><strong><em>μέγιστον</em></strong></span> <span class='ocrx_word' id='word_1_102' title='bbox 1053 2056 1383 2131; x_wconf 80' lang='grc' dir='ltr'><strong><em>ψυχαγωγόν</em></strong></span> 
     </span>
    </p>
   </div>
   <div class='ocr_carea' id='block_1_11' title="bbox 290 2144 1880 2423">
    <p class='ocr_par' dir='ltr' id='par_1_11' title="bbox 290 2144 1880 2423">
     <span class='ocr_line' id='line_1_22' title="bbox 394 2144 1876 2217; baseline 0.001 -18"><span class='ocrx_word' id='word_1_103' title='bbox 394 2155 495 2200; x_wconf 82' lang='lat' dir='ltr'>Lex.</span> <span class='ocrx_word' id='word_1_104' title='bbox 524 2154 708 2201; x_wconf 86' lang='lat' dir='ltr'>Vindob.</span> <span class='ocrx_word' id='word_1_105' title='bbox 741 2155 808 2211; x_wconf 81' lang='grc' dir='ltr'><strong><em>Ψ,</em></strong></span> <span class='ocrx_word' id='word_1_106' title='bbox 838 2156 865 2201; x_wconf 90' lang='grc'>6</span> <span class='ocrx_word' id='word_1_107' title='bbox 903 2170 944 2214; x_wconf 93' lang='lat' dir='ltr'><strong><em>p.</em></strong></span> <span class='ocrx_word' id='word_1_108' title='bbox 978 2155 1099 2212; x_wconf 86' lang='grc'>195,</span> <span class='ocrx_word' id='word_1_109' title='bbox 1127 2156 1180 2201; x_wconf 87' lang='lat'><strong><em>3:</em></strong></span> <span class='ocrx_word' id='word_1_110' title='bbox 1218 2144 1876 2217; x_wconf 69' lang='grc' dir='ltr'><strong><em>ψυχαγωγὸςὸἆνδραποδι-</em></strong></span> 
     </span>
     <span class='ocr_line' id='line_1_23' title="bbox 290 2213 1878 2303; baseline 0.001 -34"><span class='ocrx_word' id='word_1_111' title='bbox 290 2219 419 2282; x_wconf 86' lang='grc' dir='ltr'><strong><em>στής.</em></strong></span> <span class='ocrx_word' id='word_1_112' title='bbox 469 2213 742 2282; x_wconf 81' lang='grc' dir='ltr'><strong><em>Ευριπίδης</em></strong></span> <span class='ocrx_word' id='word_1_113' title='bbox 783 2215 1057 2284; x_wconf 60' lang='grc' dir='ltr'><strong><em>εβοὲσκοινον</em></strong></span> <span class='ocrx_word' id='word_1_114' title='bbox 1091 2220 1317 2285; x_wconf 86' lang='grc' dir='ltr'><strong><em>μέγιστον</em></strong></span> <span class='ocrx_word' id='word_1_115' title='bbox 1348 2218 1692 2303; x_wconf 78' lang='grc' dir='ltr'><strong><em>ψυχαγωγόν’.</em></strong></span> <span class='ocrx_word' id='word_1_116' title='bbox 1754 2226 1878 2271; x_wconf 83' lang='lat' dir='ltr'>Euri·</span> 
     </span>
     <span class='ocr_line' id='line_1_24' title="bbox 292 2286 1880 2356; baseline 0.001 -16"><span class='ocrx_word' id='word_1_117' title='bbox 292 2296 406 2355; x_wconf 89' lang='lat' dir='ltr'>pidis</span> <span class='ocrx_word' id='word_1_118' title='bbox 443 2294 713 2340; x_wconf 80' lang='lat' dir='ltr'><strong>mentionem</strong></span> <span class='ocrx_word' id='word_1_119' title='bbox 749 2295 855 2340; x_wconf 83' lang='lat' dir='ltr'>olim</span> <span class='ocrx_word' id='word_1_120' title='bbox 892 2295 1042 2340; x_wconf 75' lang='lat' dir='ltr'>rettuli</span> <span class='ocrx_word' id='word_1_121' title='bbox 1080 2296 1132 2340; x_wconf 83' lang='lat' dir='ltr'><strong><em>ad</em></strong></span> <span class='ocrx_word' id='word_1_122' title='bbox 1167 2286 1544 2343; x_wconf 69' lang='lat' dir='ltr'><strong><em>Alc.1128:013</em></strong></span> <span class='ocrx_word' id='word_1_123' title='bbox 1582 2288 1880 2356; x_wconf 78' lang='grc' dir='ltr'><strong><em>ψυχαγωγὸν</em></strong></span> 
     </span>
     <span class='ocr_line' id='line_1_25' title="bbox 291 2356 842 2423; baseline -0.006 -13"><span class='ocrx_word' id='word_1_124' title='bbox 291 2356 426 2410; x_wconf 79' lang='grc' dir='ltr'><strong><em>τόνδ’</em></strong></span> <span class='ocrx_word' id='word_1_125' title='bbox 455 2358 711 2423; x_wconf 66' lang='grc' dir='ltr'><strong><em>ἐποιησως</em></strong></span> <span class='ocrx_word' id='word_1_126' title='bbox 695 2359 842 2411; x_wconf 58' lang='grc' dir='ltr'><strong><em>ζένον.</em></strong></span> 
     </span>
    </p>
   </div>
   <div class='ocr_carea' id='block_1_12' title="bbox 1010 2457 1140 2510">
    <p class='ocr_par' dir='ltr' id='par_1_12' title="bbox 1010 2457 1140 2510">
     <span class='ocr_line' id='line_1_26' title="bbox 1010 2457 1140 2510; baseline 0 -2"><span class='ocrx_word' id='word_1_127' title='bbox 1010 2457 1140 2510; x_wconf 84' lang='grc'>1087</span> 
     </span>
    </p>
   </div>
   <div class='ocr_carea' id='block_1_13' title="bbox 458 2531 698 2598">
    <p class='ocr_par' dir='ltr' id='par_1_13' title="bbox 458 2531 698 2598">
     <span class='ocr_line' id='line_1_27' title="bbox 458 2531 698 2598; baseline 0 -10"><span class='ocrx_word' id='word_1_128' title='bbox 458 2531 698 2598; x_wconf 81' lang='grc' dir='ltr'><strong><em>Ξανθιος</em></strong></span> 
     </span>
    </p>
   </div>
   <div class='ocr_carea' id='block_1_14' title="bbox 294 2622 1875 2760">
    <p class='ocr_par' dir='ltr' id='par_1_14' title="bbox 294 2622 1875 2760">
     <span class='ocr_line' id='line_1_28' title="bbox 432 2622 1875 2690; baseline 0 -15"><span class='ocrx_word' id='word_1_129' title='bbox 432 2630 584 2690; x_wconf 75' lang='lat' dir='ltr'>Steph.</span> <span class='ocrx_word' id='word_1_130' title='bbox 611 2630 713 2690; x_wconf 83' lang='lat' dir='ltr'>Byz.</span> <span class='ocrx_word' id='word_1_131' title='bbox 750 2646 788 2675; x_wconf 90' lang='lat' dir='ltr'><strong><em>v.</em></strong></span> <span class='ocrx_word' id='word_1_132' title='bbox 815 2622 1015 2686; x_wconf 78' lang='grc' dir='ltr'><strong><em>,Ξάνθος</em></strong></span> <span class='ocrx_word' id='word_1_133' title='bbox 1051 2646 1091 2690; x_wconf 87' lang='lat' dir='ltr'><strong><em>p.</em></strong></span> <span class='ocrx_word' id='word_1_134' title='bbox 1129 2626 1522 2689; x_wconf 77' lang='grc' dir='ltr'><strong><em>480,18;ἒ’στι</em></strong></span> <span class='ocrx_word' id='word_1_135' title='bbox 1555 2625 1637 2674; x_wconf 83' lang='grc' dir='ltr'><strong><em>καὶ</em></strong></span> <span class='ocrx_word' id='word_1_136' title='bbox 1679 2622 1875 2686; x_wconf 76' lang='grc' dir='ltr'><strong><em>Ξάνθος</em></strong></span> 
     </span>
     <span class='ocr_line' id='line_1_29' title="bbox 294 2688 1687 2760; baseline 0.001 -17"><span class='ocrx_word' id='word_1_137' title='bbox 294 2691 433 2754; x_wconf 84' lang='grc' dir='ltr'><strong><em>πόλις</em></strong></span> <span class='ocrx_word' id='word_1_138' title='bbox 460 2694 511 2744; x_wconf 87' lang='grc' dir='ltr'><strong><em>έν</em></strong></span> <span class='ocrx_word' id='word_1_139' title='bbox 538 2694 739 2760; x_wconf 81' lang='grc' dir='ltr'><strong><em>Λέσβῳ·</em></strong></span> <span class='ocrx_word' id='word_1_140' title='bbox 766 2688 791 2744; x_wconf 84' lang='grc' dir='ltr'><em>ὃ</em></span> <span class='ocrx_word' id='word_1_141' title='bbox 818 2697 1015 2760; x_wconf 83' lang='grc' dir='ltr'><strong><em>πολίτης</em></strong></span> <span class='ocrx_word' id='word_1_142' title='bbox 1042 2693 1277 2758; x_wconf 72' lang='grc' dir='ltr'><strong><em>Ξάνθιος,</em></strong></span> <span class='ocrx_word' id='word_1_143' title='bbox 1307 2692 1371 2755; x_wconf 79' lang='grc' dir='ltr'><strong><em>ὥς</em></strong></span> <span class='ocrx_word' id='word_1_144' title='bbox 1397 2690 1687 2760; x_wconf 78' lang='grc' dir='ltr'><strong><em>Εὐριπίδης,</em></strong></span> 
     </span>
    </p>
   </div>
   <div class='ocr_carea' id='block_1_15' title="bbox 1013 2820 1146 2873">
    <p class='ocr_par' dir='ltr' id='par_1_15' title="bbox 1013 2820 1146 2873">
     <span class='ocr_line' id='line_1_30' title="bbox 1013 2820 1146 2873; baseline 0.015 -2"><span class='ocrx_word' id='word_1_145' title='bbox 1013 2820 1146 2873; x_wconf 91' lang='grc'>1088</span> 
     </span>
    </p>
   </div>
   <div class='ocr_carea' id='block_1_16' title="bbox 461 2894 760 2967">
    <p class='ocr_par' dir='ltr' id='par_1_16' title="bbox 461 2894 760 2967">
     <span class='ocr_line' id='line_1_31' title="bbox 461 2894 760 2967; baseline 0.003 -16"><span class='ocrx_word' id='word_1_146' title='bbox 461 2894 760 2967; x_wconf 79' lang='grc' dir='ltr'><strong><em>ξενοφόνον</em></strong></span> 
     </span>
    </p>
   </div>
   <div class='ocr_carea' id='block_1_17' title="bbox 1975 0 2077 3139">
    <p class='ocr_par' dir='ltr' id='par_1_17' title="bbox 1975 0 2077 3139">
     <span class='ocr_line' id='line_1_32' title="bbox 1975 0 2077 3139; baseline 0 0"><span class='ocrx_word' id='word_1_147' title='bbox 1975 0 2077 3139; x_wconf 95' lang='lat' dir='ltr'><strong><em> </em></strong></span> 
     </span>
    </p>
   </div>
  </div>
 </body>
</html>
