2077 3139
749 101 1079 147 ΕΡΕΧΘΕΤΣ
1641 90 1708 143 93

298 258 515 328 πρῶτον
544 251 748 324 φρένας
780 271 880 320 μεν
908 244 1105 317 ἠπίους
1137 248 1278 314 ἔχειν
1309 237 1509 313 χρεών·

298 344 374 414 τῷ
403 341 647 410 πλουσίῳ
678 355 735 389 τε
765 334 837 406 τῷ
868 352 925 386 τε
955 326 1027 401 μὴ
1059 324 1246 390 διδους
1277 327 1434 396 μέρος

302 434 422 481 ἴσον
452 417 680 478 σεαυτὸν
713 412 964 485 εὐσεβεῖν
993 417 1161 469 πᾶσιν
1194 413 1367 464 δίδου.

303 512 461 563 δυοῖν
491 499 783 575 παρόντοιν
814 494 1152 600 πραγμάτοιν
1183 489 1315 564 πρὸς
1345 489 1582 562 θάτερον

302 588 526 662 γνώμην
556 581 884 656 προσάπτων
913 580 1012 650 τὴν
1044 581 1296 634 ἐναντίαν
1325 575 1506 646 μέθες
1664 586 1717 628 10

303 673 505 736 ἀδίκως
539 670 596 725 δε
626 665 697 739 μὴ
728 689 834 721 κτω
867 660 1110 767 χρήματ’,
1142 656 1211 732 ἢν
1242 656 1415 731 βούλῃ
1447 653 1623 712 πολύν

304 755 502 830 χρόνον
531 750 824 825 μελάθροις
858 750 1130 819 ἐμμένειν
1165 742 1229 800 τὰ
1259 738 1363 814 γὰρ
1394 742 1570 804 κακῶς

305 849 488 903 οἴκους
521 829 794 893 ἐσελθόντ’
827 828 928 888 οὐκ
959 836 1065 902 ἔχει
1095 832 1384 898 σωτηρίαν.

307 929 450 996 ἒχειν
481 921 541 977 δε
572 933 763 989 πειρω
796 919 955 971 τοῦτο
986 913 1088 986 γὰρ
1119 909 1180 967 τό
1209 909 1251 966 τ’
1288 931 1504 980 ευγενες

307 1009 397 1063 καὶ
428 1029 552 1070 τους
583 1002 788 1074 γάμους
821 1004 1015 1055 δίδωσι
1045 995 1170 1060 τοὺς
1200 991 1448 1065 πρώτους
1481 997 1636 1063 ἔχειν.
1673 1004 1722 1045 15

312 1094 371 1146 ἐν
400 1113 472 1145 τω
504 1090 770 1144 πένεσθαι
803 1080 847 1139 δ’
882 1084 1029 1138 ἐστὶν
1059 1078 1092 1151 ἥ
1122 1076 1159 1134 τ’
1196 1076 1405 1149 ἀδοξία,

312 1198 413 1230 καν
442 1174 476 1245 ᾐ
509 1167 676 1242 σοφός
706 1192 804 1239 τις,
835 1164 869 1237 ἤ
899 1162 936 1222 τ’
973 1163 1155 1235 ἀτιμία
1187 1167 1327 1232 βίου.

312 1263 508 1329 φί2ους
541 1254 601 1310 δε
630 1251 756 1317 τοὺς
787 1274 886 1322 μεν
915 1247 986 1321 μὴ
1018 1250 1294 1320 χαλῶντας
1327 1247 1384 1300 ἐν
1416 1240 1593 1313 λόγοις

314 1344 566 1410 κέκτησο
598 1334 725 1401 τούς
757 1335 816 1390 δε
848 1331 979 1403 πρὸς
1010 1329 1168 1404 χάριν
1198 1328 1306 1383 σὺν
1336 1325 1511 1398 ἡδονῇ

311 1428 382 1497 τῇ
411 1428 480 1496 σῇ
511 1417 780 1492 πονηροὺς
811 1421 1057 1520 κλῇθρον
1089 1414 1310 1486 εἰργέτω
1341 1412 1545 1482 στέγης.
1675 1421 1731 1464 20

312 1506 526 1579 ὁμιλίας
556 1528 613 1561 τε
641 1502 733 1567 τὰς
763 1502 1075 1574 γεραιτέροις
1105 1503 1272 1569 φίλει,

314 1589 587 1647 ἀκόλαστα
621 1585 662 1643 δ’
698 1585 810 1657 ἤθη
841 1581 1061 1656 λαμπρὰ
1093 1581 1366 1651 συγγελᾶν
1396 1575 1566 1650 μόνον

316 1682 484 1748 μίσει
518 1680 743 1744 βραχεῖα
773 1670 957 1740 τέρψις
988 1665 1189 1737 ἡδονῆς
1221 1665 1402 1734 κακῆς.

320 1762 534 1831 ἐξουσίᾳ
568 1756 626 1811 δε
657 1748 844 1825 μήποτ’
881 1746 1139 1821 ἐντυχων,
1170 1749 1381 1817 τέκνον,

319 1839 574 1942 αι’σχρους
607 1844 806 1910 ἔρωτας
835 1838 1082 1907 δημοτῶν
1108 1836 1424 1887 διωκαθεῖν.
1681 1840 1734 1883 25

319 1923 347 1982 ὃ
380 1926 468 1980 καὶ
502 1927 730 1993 σίδηρον
761 1918 993 1991 ἀγχόνας
1023 1913 1063 1972 τ’
1100 1915 1399 1986 ἐφέλκεται,

321 2028 569 2083 χρηστων
600 2002 847 2076 πενήτων
878 2001 946 2075 ἥν
975 2024 1053 2066 τις
1084 1996 1318 2070 αἰσχύνῃ
1350 1997 1528 2052 τέκνα.

321 2118 408 2149 και
440 2090 565 2156 τοὺς
595 2086 866 2159 πονηροὺς
897 2081 1080 2158 μήποτ’
1117 2078 1298 2150 αὕξαν’
1335 2083 1392 2137 ἐν
1422 2076 1600 2136 πόλει·

323 2199 479 2233 κακοι
507 2173 609 2246 γὰρ
643 2172 1045 2269 ἐμπλησθέντες
1076 2162 1109 2238 ἢ
1139 2170 1467 2237 νομίσματος

324 2258 357 2331 ἢ
388 2257 577 2322 πόλεος
609 2255 931 2328 ἐμπεσόντες
963 2258 1038 2316 εἰς
1068 2247 1243 2323 ἀρχήν
1271 2271 1392 2304 τινα
1685 2256 1741 2300 30

325 2359 633 2410 σκιρτωσιν,
664 2335 875 2409 ἀδόκητ’
913 2332 1330 2407 εὐτυχησαντων
1363 2328 1559 2402 δόμων.

324 2423 436 2483 ἀλλ’
472 2426 513 2480 ὠ
543 2425 734 2480 τέκνον
763 2445 852 2494 μοι
885 2419 977 2485 δὸς
1007 2415 1134 2491 χέρ’,
1167 2440 1237 2482 ως
1267 2421 1402 2488 θίγῃ
1434 2410 1628 2483 πατήρ,

326 2512 415 2567 καὶ
447 2504 585 2606 χαῖρ’
604 2502 734 2561 ‘mc’
769 2509 958 2568 αἰδοῦς
993 2500 1037 2558 δ’
1071 2498 1136 2557 οὐ
1168 2506 1293 2556 λίαν
1323 2495 1651 2568 ἀσπάζομαι·

326 2591 716 2666 γυναικόφρων
747 2588 849 2660 γὰρ
880 2585 1057 2658 θυμὸς
1087 2582 1285 2656 ἀνδρὸς
1317 2580 1382 2638 οὐ
1415 2583 1604 2652 σοφοῦ.

265 2715 735 2775 Stob.F10r.3,18.
786 2711 1083 2758 vs.11—13
1112 2707 1390 2755 affertStob.
1418 2706 1537 2750 Flor.
1567 2701 1657 2760 94,
1694 2700 1744 2748 4.

162 2804 228 2837 vs.
258 2789 376 2836 14-
379 2789 457 2833 17
487 2786 611 2833 8ῑοΙ).
639 2785 757 2830 Flor.
787 2783 879 2839 91,
907 2781 970 2825 22
999 2788 1043 2826 et
1070 2779 1162 2838 92,
1190 2778 1238 2824 2.
1290 2791 1352 2821 vs
1384 2773 1587 2822 18-20
1617 2771 1743 2817 Stob.

163 2859 282 2905 Flor.
313 2858 401 2917 14,
429 2858 484 2910 3;
522 2856 702 2903 eosdem
738 2851 795 2917 τῇ
830 2865 1035 2914 τραγικῃ
1073 2815 1288 2911 Μέρόπῃ
1321 2845 1560 2891 memoriae
1595 2853 1746 2888 errore
