2077 3139
279 140 346 192 92
914 125 1244 182 ΕΡΕΧΘΕΤΣ

449 276 492 341 ὦ
522 288 735 356 πατρίς,
769 292 890 340 εἴθε
920 281 1119 349 πάντες
1150 289 1204 339 οἳ
1231 287 1454 340 ναίουσί
1478 301 1543 339 σε

448 365 593 425 οὕτω
623 376 841 439 φιλοῖεν
873 366 943 434 ὡς
976 367 1107 438 ἐγω·
1141 368 1231 423 καὶ
1263 370 1468 442 ῥᾳδίως

449 449 757 525 οἰκοῖμεν”
723 475 793 508 αν
823 468 903 522 σε,
935 447 1195 507 κούδὲν”
1164 475 1234 508 αν
1263 451 1489 524 πάσχοις
1520 449 1705 511 κακόν.
1820 469 1876 512 55

387 550 578 611 Lycurg.
606 564 643 596 ο.
669 550 828 596 Leocr.
858 549 887 608 S
918 549 1039 596 100:
1075 539 1214 606 άξιον
1250 543 1328 608 δέ,
1368 542 1405 594 ὠ
1432 542 1609 607 ἄνδρες
1635 545 1876 612 δικασταί,

282 614 365 666 καὶ
401 619 497 665 τῶν
531 616 768 680 ἰαμβείων
792 611 1000 664 άκοῦσαι
1025 609 1056 662 ἃ
1081 616 1316 696 πεποίηκε
1349 618 1428 678 (sc.
1458 619 1691 680 Euripides
1717 621 1877 668 Erech·

282 691 377 737 thei
412 691 613 764 mythum
652 689 864 748 tractans)
908 684 1141 749 λέγουσαν
1180 705 1271 748 την
1313 684 1498 748 μητέρα
1542 704 1628 747 της
1674 682 1876 746 παιδός·

283 753 471 820 ὄψεσθε
496 776 588 836 γαρ
621 754 671 804 ἐν
697 752 864 814 αυτοῖς
887 757 1255 820 μεγαλοψυχίαν
1281 756 1366 804 καὶ
1389 754 1710 820 γενναιότητα
1734 749 1879 818 ἆξίαν

283 826 366 876 καὶ
391 846 475 890 της
501 821 687 885 πόλεως
715 824 798 874 καὶ
824 827 910 874 τοῦ
936 824 1170 889 γενέσθαι
1197 827 1427 885 Κηφισοῦ
1451 826 1716 890 θυγατέρα.
1767 820 1879 886 ττας

284 893 482 960 χάριτας
504 894 802 960 -πάσχοις
838 891 1040 944 κανόν’.
1092 900 1209 944 Plut.
1241 900 1348 945 Mor.
1387 915 1433 960 p.
1465 900 1564 946 604
1590 901 1644 946 D:
1679 897 1750 955 τίς
1783 915 1878 978 γαρ

284 967 450 1028 εἴρηκε
475 970 561 1028 τῆς
597 964 771 1016 ἑαυτοῦ
799 965 1030 1029 πατρίδος
1066 962 1304 1030 ἐγκώμιον
1338 972 1563 1014 τοιοῦτον
1588 961 1697 1015 οἷον
1727 961 1878 1032 Ευρι·

283 1036 501 1100 πίδηςςε
515 1029 549 1100 ᾖ
572 1038 740 1099 πρῶτα
768 1065 830 1072 -
860 1035 983 1085 εἰσὶν
1008 1034 1324 1115 ἐξαγώγιμοι’
1353 1038 1435 1096 (ν3.
1466 1039 1672 1099 7—10),
1700 1040 1772 1086 ubi
1802 1041 1880 1101 qui

285 1111 503 1158 accedunt
535 1125 694 1156 xersus
723 1110 941 1170 quinque,
969 1105 1013 1154 εἰ
1038 1105 1090 1155 δὲ
1115 1101 1359 1170 πάρεργον
1385 1103 1484 1154 κτέ.
1536 1110 1743 1155 videntur
1769 1112 1879 1156 alius

284 1181 371 1228 loci
408 1194 506 1226 esse
542 1180 710 1240 (cs.s1·.
750 1178 885 1238 971).
937 1195 999 1225 v.s
1038 1180 1066 1226 3
1106 1175 1305 1243 [δρωσι]
1349 1174 1716 1241 δυσγενέστερον
1752 1181 1880 1226 Hein-

288 1251 484 1309 richius‚
525 1246 893 1326 δυσγενέστερον
929 1244 1097 1313 [λέγω]
1138 1249 1396 1295 Meinekius.
1447 1265 1509 1296 vs.
1538 1249 1571 1295 4
1606 1247 1759 1294 παῖδα
1793 1265 1881 1310 την

287 1311 408 1380 ἐμὴν
443 1322 631 1397 scripsi,
667 1310 755 1381 τὴν
792 1310 915 1377 ε’μὴν
950 1316 1103 1364 παῖδα
1140 1320 1262 1366 libri.
1315 1335 1381 1365 vs.
1420 1320 1448 1366 6
1485 1333 1578 1364 ουκ
1613 1310 1676 1364 άν
1698 1346 1769 1354 —-
1793 1320 1878 1365 λα-

286 1386 419 1454 βεῖν]
447 1404 540 1435 ουκ
566 1383 716 1435 ἅν-
735 1383 912 1450 λάβοιν
937 1381 1195 1449 Dind‚01}n
1222 1381 1284 1471 ἦν
1306 1415 1370 1422 -
1386 1387 1566 1462 λαβεῖν
1591 1391 1718 1437 Both.
1766 1405 1830 1438 vs.
1850 1391 1879 1437 9

287 1457 671 1545 διαφορηθεῖσαι
699 1459 866 1522 βολαῖς
892 1461 1006 1507 Plut.
1059 1476 1122 1505 vs.
1153 1461 1218 1508 10
1244 1455 1287 1503 ε’
1268 1465 1530 1519 ζαγωγιιιοι
1557 1461 1675 1507 Plut.
1721 1476 1784 1507 vs.
1817 1461 1878 1506 11

288 1523 465 1594 οἰκήσῃ
510 1531 782 1584 Meinekius‚
825 1527 991 1584 οἰκίζει
1035 1530 1151 1576 libri.
1214 1545 1277 1576 v.s
1317 1529 1378 1576 19
1424 1526 1467 1574 εἰ
1499 1545 1590 1591 γαρ
1635 1520 1882 1589 άριθμους

290 1578 450 1646 ὂίοιδά
489 1600 1065 1648 llerwerden11s.xs.20
1107 1600 1193 1644 πλε
1184 1594 1275 1662 ὀν]
1321 1596 1493 1643 πλεῖον
1536 1600 1654 1674 lihrj.
1714 1616 1776 1646 v.s
1816 1600 1879 1646 31

289 1667 478 1716 δι’λοντο
504 1667 683 1725 παῖδας
710 1666 792 1714 καὶ
820 1671 1063 1728 Dobraeus,
1091 1667 1180 1728 ζῆν
1205 1666 1382 1724 παῖδας
1405 1662 1575 1714 ειλοντ’
1605 1685 1633 1728 η
1662 1670 1881 1716 Matthiae.

288 1757 351 1787 vs·
391 1741 455 1788 38
496 1735 615 1801 ε’μῆν
655 1732 747 1786 οὖν
779 1740 933 1800 Nagel.
1006 1755 1071 1785 v.s
1102 1740 1170 1785 44
1205 1729 1394 1802 ἄτερ]
1378 1730 1502 1812 άνερ
1535 1739 1681 1785 Valck.
1696 1776 1709 1798 ‚
1752 1730 1877 1798 ἆνήρ

290 1812 491 1857 Bothius.
543 1826 608 1856 vs.
638 1811 704 1858 48
737 1803 868 1888 Θρῂξ
895 1810 944 1857 L.
972 1810 1238 1856 Dindorfius.
1290 1825 1354 1856 vs.
1383 1809 1448 1856 52
1477 1794 1593 1869 υμῖν
1621 1802 1759 1869 τήνδ’
1790 1799 1884 1872 ἐγω

292 1871 376 1945 οὐ]
405 1895 463 1926 ου
491 1871 631 1939 τήνδ’
663 1868 755 1942 ἐγω
783 1881 898 1939 Am„
926 1872 1045 1940 ὑμῖν
1073 1869 1162 1941 ἐγὼ
1187 1868 1245 1924 οὐ
1273 1879 1512 1940 Sauppius.

1042 2029 1144 2081 363

628 2118 730 2191 ἐγω
765 2119 823 2175 δὲ
853 2115 981 2184 τούς
1012 2122 1189 2183 καλῶς
1221 2116 1553 2189 τεθνηκότας

460 2206 556 2275 ξῆν
586 2206 727 2276 φημὶ
756 2207 965 2276 μᾶλλον
994 2207 1090 2258 τοῦ
1122 2205 1345 2273 βλέπειν
1374 2201 1499 2268 τούς
1529 2202 1601 2275 μὴ
1633 2208 1823 2269 καλῶς.

292 2367 351 2431 βλ
398 2300 524 2348 Stob.
554 2302 671 2347 Flor.
704 2301 820 2359 121,
852 2300 931 2347 15.
981 2315 1047 2345 vs.
1077 2299 1106 2344 2
1144 2299 1251 2345 sort.
1290 2296 1378 2357 ζῆν
1404 2301 1554 2360 φημί,
1590 2296 1716 2361 φημὶ
1751 2291 1794 2345 δ’
1824 2290 1883 2345 οὗ

358 2365 493 2416 έπειν
518 2372 608 2432 leg.

461 2550 645 2623 ὀρθῶς
676 2549 723 2623 μ’
761 2550 989 2623 ἐπήρου·
1022 2551 1287 2624 βούλομαι
1320 2553 1379 2608 δὲ
1409 2557 1514 2624 σοί,
1545 2554 1757 2624 τέκνον,

463 2649 685 2709 φρονεῖς
716 2635 818 2706 γάρ
851 2634 958 2707 ἤδη
988 2633 1322 2692 κάποσωσαι’
1359 2631 1428 2692 ἂν
1457 2634 1656 2705 πατρὸς

463 2718 683 2791 γνώμας
712 2718 1044 2792 φράσαντος,
1075 2715 1147 2790 ἢν
1176 2719 1354 2790 θάνω,
1384 2721 1709 2790 παραινέσαι

465 2800 690 2875 κειμήλι’
728 2801 899 2859 ἐσθλά
932 2806 1022 2859 καὶ
1054 2806 1226 2860 νέοισι
1256 2801 1504 2875 χρήσιμα.

462 2892 660 2959 βραχεῖ
690 2886 752 2943 δὲ
780 2884 945 2963 μύθῳ
977 2887 1149 2944 πολλὰ
1180 2884 1473 2958 συλλαβῶν
1507 2888 1624 2959 ἐρῶ.
1857 2900 1885 2942 5
