2077 3139
327 141 433 192 246
937 139 1333 187 INCERTARVM

329 283 471 331 τοῦτο
507 280 845 344 προφέρεσθαι
881 278 1517 349 (περιφ.8011οείᾱοινίηυς),
1550 298 1615 338 ως
1652 276 1929 342 Εὐριπίδου

330 347 656 432 πεποιηκότος
696 348 994 431 κυβεύοντας
1029 346 1079 395 ἐν
1106 346 1174 412 τῷ
1204 349 1437 416 Τηλέφῳ,
1473 369 1559 408 ους
1594 348 1675 398 καὶ
1702 354 1922 410 περιεῖλε.

329 420 501 486 μήποτ’
530 440 620 470 ουν
646 420 839 470 ἐκεῖθεν
865 416 942 484 ἣν.
994 418 1177 485 μᾶλλον
1206 415 1255 467 δὲ
1281 386 1624 483 ἕσχεὸιακώς
1603 439 1666 467 αν
1692 420 1770 482 εἴη
1798 415 1924 484 Ἀρι-

331 489 592 572 στοφάνης.
643 487 757 540 οὕὸὲ
790 487 883 556 γὰρ
921 485 1004 538 τὸν
1040 487 1320 551 Ευριπίδην
1355 490 1500 538 τοῦτο
1537 488 1924 554 προφερόμενον,

329 556 450 610 αλλα
475 558 563 610 τὸν
588 557 834 610 Διόνυσον
869 557 1174 632 χλευάζοιἫτα
1226 558 1352 618 τινὲς
1388 556 1489 609 δὲ
1475 556 1547 608 ότι
1587 558 1639 608 ἐν
1674 562 1744 628 τῷ
1779 563 1921 608 Φιλο-

329 631 483 699 κτήτῃ
506 626 573 696 ἦν
597 629 623 680 ὁ
653 650 813 692 τοπος,
842 632 891 679 οἳ
918 629 968 680 ὁὲ
996 628 1046 678 ἐι
1067 624 1326 708 Ιφιγενεία
1352 627 1403 677 ἐν
1430 630 1490 697 τῇ
1508 624 1705 680 Αὐλίδι.
1750 629 1922 693 ἐμφαί-

328 721 403 751 νει
431 682 481 751 6¹52
507 700 591 750 καὶ
618 698 836 760 Εὔπολις
864 702 1006 749 τοῦτο
1032 692 1171 756 εἰδώς
1207 696 1549 762 (οἷποφθαρεὶς
1578 699 1629 750 δὲ
1666 696 1752 748 δύο
1787 698 1926 765 κύβω

328 771 410 820 καὶ
437 771 665 833 τέτταρα’
695 775 831 839 (Com.
860 775 888 820 2
918 791 959 835 p.
991 769 1123 834 566).
1177 773 1389 819 Scholion
1418 788 1599 820 recens:
1636 769 1690 818 ἐκ
1717 774 1922 834 Μυρμι-

329 841 500 893 δόνων.
553 847 765 892 discimus
803 860 855 891 ex
881 845 967 891 hoc
1003 844 1103 890 loco
1131 842 1184 887 de
1211 844 1314 889 sede
1350 844 1587 890 verborum
1623 858 1759 904 supra
1785 847 1924 905 scrip-

327 925 476 962 torum
514 924 730 977 quattuor
769 916 971 962 extitisse
1016 916 1325 970 coniecturas3
1369 914 1494 974 Ιρὴίζ,
1480 916 1626 960 eniae
1667 914 1924 960 Aulidensis

326 989 495 1032 mentio
533 987 765 1032 reserenda
802 987 853 1031 ad
887 1000 951 1031 vs.
997 985 1118 1031 196:
1155 983 1348 1029 πεσσῶν
1382 976 1654 1042 ηὸομένους
1688 986 1924 1043 μορφαῖσι

327 1049 671 1110 πολυπλόκοις.
724 1057 826 1101 ficta
852 1062 1003 1100 narrat
1029 1054 1150 1100 Eust.
1179 1052 1225 1097 11
1253 1068 1299 1113 p.
1332 1053 1478 1109 1084,
1509 1053 1564 1099 2:
1602 1044 1827 1114 (βέβληκ’
1856 1081 1923 1088 -

325 1122 408 1170 καὶ
435 1123 666 1186 τέτταρα’
673 1159 686 1187 ,
722 1118 878 1186 ἤγουν
917 1119 1003 1170 δύο
1039 1115 1256 1183 μονάδας
1292 1119 1374 1167 καὶ
1408 1119 1631 1183 τέτταρα
1665 1116 1723 1169 ὃν
1757 1122 1922 1184 στίχον

326 1189 603 1258 Εὐριπίδης
639 1190 689 1240 ἐν
719 1192 926 1274 Τηλέφῳ
954 1197 1014 1239 θε
1020 1193 1062 1249 ίς
1126 1185 1249 1239 όπου
1276 1187 1575 1254 κυβεύοντας
1610 1185 1773 1254 ἥρωας
1799 1189 1922 1255 εἰση-

324 1282 441 1327 pocy&
477 1261 560 1312 καὶ
595 1260 772 1325 μαθὼν
800 1261 859 1310 ἐπ
916 1256 1052 1330 αυτῷ
1089 1262 1421 1324 χλευασθηναι
1450 1255 1512 1318 ὡς
1539 1255 1742 1319 εὐτελεῖ,
1781 1261 1918 1310 καθα

326 1331 537 1383 σκώπτει
564 1353 645 1381 και
674 1328 698 1383 6
726 1331 969 1395 κωμικός,
997 1329 1243 1388 αἰδεσθεις
1269 1335 1512 1391 περιεῖλεν
1546 1327 1659 1380 όλον
1684 1351 1738 1380 το
1764 1329 1918 1380 ἔπεισ-

323 1402 476 1453 όὸιον.
529 1408 736 1453 similiter
774 1408 889 1452 idem
927 1406 1004 1452 Od.
1042 1422 1084 1466 p.
1117 1405 1275 1463 1397,
1317 1405 1393 1451 19.
1447 1405 1503 1450 cs.
1530 1405 1694 1452 Zenob.
1733 1406 1790 1465 2,
1827 1406 1919 1453 85

320 1466 551 1548 εβέβληκ’
605 1505 669 1509 -
712 1472 794 1520 καὶ
839 1471 1066 1531 τέτταρα’
1156 1472 1297 1518 τοῦτο
1342 1468 1622 1531 Εὐριπίδου
1662 1470 1784 1521 ἐστι’·
1831 1471 1911 1520 καὶ

320 1539 647 1605 Ἀριστόξενος
674 1541 725 1592 ὁε
750 1542 902 1631 φησὶν
931 1537 1004 1591 ὅτι
1030 1537 1307 1602 Εὐριπίδης
1334 1541 1556 1604 διορθῶν
1579 1535 1666 1590 τὸν
1690 1538 1916 1604 Τήλεφον

324 1613 469 1663 ἐξεῖλε
493 1608 583 1678 τήι
608 1615 841 1662 πεττείαν
895 1617 1082 1662 eundem
1108 1629 1285 1660 versum
1299 1615 1509 1690 Euripidi
1537 1617 1756 1662 vindicant
1789 1617 1914 1662 phot.

322 1688 424 1734 Lex.
451 1704 493 1749 p.
525 1688 641 1746 602,
674 1688 733 1732 11
764 1694 808 1732 et
835 1687 991 1732 Suidas
1019 1701 1055 1732 v.
1085 1680 1187 1742 τρὶς
1208 1683 1263 1741 ἐξ
1288 1700 1319 1744 η
1347 1686 1473 1741 τρεῖς
1499 1679 1655 1746 κύβοι.

1071 1807 1168 1860 881

489 1913 680 1956 πεσεῖν
712 1901 763 1965 ἐς
797 1896 968 1969 εὐνὴν
999 1900 1088 1953 καὶ
1120 1895 1388 1969 γαμηλιον
1419 1899 1571 1969 λέχος

425 2002 498 2042 Ar.
540 1998 716 2042 Thesm.
755 1996 887 2041 1122
925 1995 1181 2073 Euripidem
1219 1996 1330 2041 haec
1363 1995 1580 2040 dicentem
1618 1995 1748 2040 iacit:
1785 1990 1835 2038 τί
1865 1980 1909 2038 δ’

319 2080 410 2111 ουν,
437 2061 518 2129 ἐᾷς
555 2061 768 2111 λύσαντά
804 2054 854 2124 μ’
884 2055 1066 2124 αὐτήν,
1107 2080 1144 2110 ω
1170 2058 1426 2122 Σκύθα,“
1440 2065 1607 2110 πεσεῖν
1635 2090 1697 2097 -
1726 2060 1881 2125 λέχοςς
1870 2064 1911 2090 ·'

319 2137 603 2196 Euripideum
641 2151 741 2182 esse
777 2136 962 2181 alterum
999 2150 1172 2181 versun]
1211 2143 1381 2181 certum
1418 2136 1617 2191 videtur,
1653 2149 1705 2181 ex
1739 2135 1910 2180 Andro-

319 2208 443 2252 meda
472 2207 757 2267 desumptum
787 2220 887 2252 esse
914 2208 1103 2252 coniecit
1130 2206 1317 2250 Porsen.

1066 2326 1173 2379 882

486 2414 665 2487 λόγων
701 2422 916 2473 δίκαιον
945 2415 1150 2489 μισθὸν
1181 2411 1251 2472 ἄν
1281 2415 1474 2487 λόγους
1506 2420 1713 2488 φέροις,

488 2507 650 2571 ἔργον
685 2499 734 2556 δ’
774 2506 978 2566 ἐκεῖνος
1011 2508 1171 2574 ἔργον
1201 2496 1259 2564 ὃς
1290 2503 1603 2572 παρέσχετο.

420 2597 607 2642 Aristot.
633 2598 730 2643 Eth.
760 2599 867 2643 Eud.
897 2599 954 2657 8
995 2599 1053 2644 11
1092 2614 1134 2658 p.
1166 2597 1342 2643 1244a
1374 2599 1458 2643 11:
1493 2613 1559 2656 μη
1593 2590 1686 2657 γάρ
1713 2611 1755 2639 τι
1782 2590 1906 2655 λέγει

315 2655 839 2796 ἔτέῗὶἶέἒηςιθσὲοιησας
877 2661 1053 2729 (λόγον
1076 2694 1142 2702 —
1178 2663 1480 2728 παρέσχετο’
1533 2683 1591 2712 v.s
1626 2668 1651 2712 1
1687 2661 1903 2728 δίκαιον]

1065 2817 1168 2870 883

421 2906 604 2951 Aristot.
632 2905 763 2951 Polit.
792 2906 849 2964 5,
879 2906 907 2952 9
934 2921 976 2967 p.
1009 2907 1144 2954 1310
1166 2922 1187 2951 a
1215 2907 1304 2953 32:
1345 2896 1460 2950 ὥστε
1495 2902 1553 2968 ζῇ
1587 2898 1638 2948 ἐν
1673 2903 1776 2959 ταῖς
1810 2915 1904 2947 τοι-
