2077 3139
247 92 311 144 72
765 93 1311 136 ΒΕΑΛΕΡΟΦΟΝΤΗΣ

413 236 622 294 δόλοισι
651 238 928 294 κλέπτειν·
960 240 1055 308 τῆς
1089 235 1134 292 δ’
1163 236 1427 308 ἀληθείας
1456 236 1585 303 ὁδὸς

408 320 594 394 φαύλη
623 328 703 387 τίς
737 324 873 378 ἐστι·
906 320 1171 388 ψεύδεσιν
1202 319 1247 377 δ’
1272 319 1434 393 ’Ἄρης
1464 327 1638 394 φίλος.

347 416 471 465 Stob.
498 419 619 464 Flor.
649 419 733 478 54,
763 420 842 465 19.

986 496 1089 549 292

411 583 495 642 ἀεὶ
526 585 630 658 γὰρ
661 582 837 657 ἄνδρα
868 587 1060 642 σκαιὸν
1093 584 1321 659 ἰσχυρὸν
1350 586 1516 658 φύσει

410 663 583 741 ἧσσον
615 674 837 726 δέδοικα
867 667 1169 736 τάσθενοῦς
1201 694 1257 727 τε
1288 673 1377 726 καὶ
1409 675 1587 743 σοφοῦ

347 766 471 813 Stob.
500 767 620 813 Flor.
651 768 734 827 54,
763 769 806 814 7.

983 833 1085 885 293

411 913 455 977 ὦ
485 935 613 994 παῖ,
646 923 789 978 νέων
819 945 900 978 τοι
935 925 1071 994 δρᾱν
1101 923 1201 994 μὲν
1233 928 1442 978 ἔντονοι
1473 925 1644 995 χέρες,

410 1009 620 1077 γνῶμαι
655 1003 698 1062 δ’
732 1002 990 1078 ἀμείνους
1023 1009 1126 1062 εἰσὶ
1161 1010 1270 1062 τῶν
1300 1009 1652 1078 γεραιτέρων·

410 1086 438 1145 ὁ
469 1090 573 1161 γὰρ
604 1088 795 1162 χρόνος
824 1095 1062 1161 δίδαγμα
1093 1089 1484 1147 ποικιλώτατον

349 1187 475 1233 Stob.
512 1187 629 1233 Flor.
675 1187 798 1246 115,
835 1187 880 1233 2.
934 1203 997 1234 vs.
1031 1189 1057 1233 1
1095 1179 1285 1233 εὔτονοι
1320 1189 1483 1234 malum.
1523 1190 1746 1234 Cornutus
1782 1189 1836 1234 de

245 1256 296 1302 N.
334 1257 381 1302 D.
421 1257 482 1303 31
521 1272 565 1318 p.
599 1257 719 1303 189:
756 1254 942 1313 οἰκείως
981 1252 1032 1303 δὲ
1066 1254 1342 1315 παρέδοσαν
1377 1250 1527 1303 αὐτὸν
1565 1259 1835 1318 (Herculem)

246 1323 381 1390 Κῳοι
415 1324 474 1389 τῇ
494 1318 631 1404 Ἥβῃ
667 1326 1017 1385 συνοικοῦντα,
1057 1318 1122 1383 ὡς
1148 1322 1369 1387 ὃλοσχερέ
1351 1340 1540 1389 εστερον
1569 1320 1720 1374 αὐτὸν
1746 1319 1836 1387 τὴν

248 1373 518 1442 διάνοιαν”
498 1411 637 1441 οντα·
664 1388 726 1452 ὡς
747 1413 839 1479 γαρ
866 1394 988 1444 νέων
1008 1414 1052 1443 τι
1073 1400 1162 1457 (τοι
1177 1400 1273 1444 Par.
1288 1398 1339 1457 4)
1362 1395 1483 1458 δραν
1507 1393 1597 1458 μὲν
1624 1390 1834 1444 εὐτονώ-

247 1480 377 1523 τεραι
402 1464 549 1527 χέρες,
576 1463 733 1526 ψυχαὶ
764 1459 810 1511 δ’
841 1458 1066 1527 αμείνους
1093 1468 1190 1513 τῶν
1216 1464 1504 1529 γεραιτέρων
1531 1464 1671 1515 πολύ.
1712 1485 1774 1515 vs.
1804 1470 1833 1514 2

247 1545 365 1582 extat
392 1540 435 1582 in
463 1537 576 1583 Men.
606 1552 726 1583 mon.
760 1540 875 1586 101.

413 1704 547 1777 πρὸς
578 1704 678 1777 τὴν
708 1704 874 1762 νόσον
904 1730 986 1763 τοι
1017 1710 1108 1763 καὶ
1137 1705 1232 1764 τὸν
1263 1707 1449 1776 ἰατρὸν
1481 1708 1658 1780 χρεὼν

417 1787 581 1845 ἰδόντ’
608 1789 884 1863 ἀκεῖσθαι,
910 1791 982 1864 μὴ
1016 1790 1198 1858 ἐπι-τάξ
1230 1790 1296 1847 τὰ
1326 1793 1585 1864 φάρμακα

417 1872 642 1943 διδόντ’,
676 1874 771 1930 ἐὰν
801 1875 873 1946 μὴ
904 1880 1075 1932 ταῦτα
1106 1878 1172 1948 τῇ
1203 1876 1346 1951 νόσῳ
1378 1878 1573 1949 πρέπῃ.

414 1956 569 2013 νόσοι
600 1959 660 2013 δὲ
690 1962 913 2029 θνητῶν
945 1966 1005 2015 αἳ
1030 1961 1129 2031 μέν
1163 1957 1256 2015 εἶδ’
1292 1958 1631 2030 αὐθαίρετοι,

416 2047 477 2096 αἲ
505 2039 551 2096 δ’
590 2045 648 2097 ἐκ
676 2047 829 2098 θεῶν
859 2041 1129 2113 πάρεισιν,
1162 2041 1297 2098 ἀλλὰ
1328 2047 1400 2119 τῷ
1432 2044 1580 2119 νόμῳ
1770 2062 1796 2100 5

419 2122 607 2197 ἰώμεθ’
643 2124 825 2190 αὐτάς.
871 2125 1009 2181 ἄλλα
1041 2145 1125 2183 σοι
1157 2129 1302 2193 λέξαι
1331 2129 1500 2197 θέλω,

418 2215 467 2264 εἰ
494 2215 622 2265 θεοί
647 2234 696 2265 τι
729 2213 935 2282 δρῶσιν
967 2209 1208 2283 αἰσχρόν,
1240 2208 1342 2267 οὐκ
1375 2213 1516 2267 εἰσὶν
1546 2217 1685 2268 θεοί.

354 2306 626 2352 Stoh.F10r.
659 2307 785 2365 100,
821 2308 874 2354 3:
912 2298 1205 2368 Εὐριπίδου.
1259 2299 1408 2364 επρὸς
1437 2334 1498 2340 -
1528 2304 1717 2372 πρέπῃ’
1753 2308 1834 2368 (vs.

252 2376 437 2434 1—3).
490 2386 533 2421 ct
572 2377 694 2434 100,
732 2377 790 2421 4:
830 2370 995 2423 ενόσοι
1032 2373 1082 2423 δὲ
1110 2404 1172 2410 —-
1200 2376 1339 2422 θεοί’
1375 2379 1456 2436 (vs.
1484 2377 1672 2439 4—7).
1725 2394 1838 2439 quos

252 2446 378 2491 locos
405 2447 516 2491 duce
536 2447 688 2491 codice
709 2447 832 2491 Vind.
864 2449 999 2493 iunxi.
1028 2448 1104 2493 AM
1127 2449 1283 2493 lemma
1309 2449 1523 2508 praebent
1542 2445 1838 2507 θελλέροφος

246 2523 294 2560 et
321 2515 438 2561 Flor.
472 2517 585 2572 100,
615 2517 644 2562 3
673 2516 766 2561 et4
794 2525 897 2575 post
926 2519 1041 2576 100,
1068 2519 1100 2563 4
1126 2527 1351 2578 repetunt.
1405 2534 1467 2565 v.s
1500 2518 1529 2563 2
1557 2509 1749 2593 ἐπιτὰξ]
1778 2521 1837 2564 cs.

252 2586 393 2646 Etym.
423 2586 476 2631 M.
517 2601 558 2644 p.
589 2586 715 2642 365,
754 2586 841 2633 29;
879 2580 1043 2644 ἐπιτάξ
1069 2614 1131 2620 -
1161 2584 1227 2642 εἰς
1262 2583 1313 2633 δὲ
1347 2578 1611 2665 ῥητορικὸν
1650 2579 1838 2644 λεξικὸν

251 2647 398 2713 εὖρον
438 2648 527 2712 τὴν
562 2650 688 2710 λέξιν
714 2654 969 2714 σημαίνειν
1004 2648 1056 2702 τὸ
1083 2650 1332 2716 συντόμως
1355 2683 1426 2690 -
1450 2646 1538 2717 οὐχ
1564 2647 1625 2712 ὡς
1653 2655 1704 2701 οἱ
1725 2674 1837 2716 τρα·

250 2721 398 2785 γικοί,
423 2728 635 2786 μακρῶς.
682 2740 743 2771 vs.
775 2727 801 2771 7
831 2727 1163 2774 afferuntPlut.
1192 2728 1302 2774 Mor.
1341 2743 1382 2788 p.
1415 2727 1476 2772 21
1505 2730 1539 2772 A
1575 2728 1836 2803 plo—191³

252 2802 298 2838 et
334 2795 529 2840 Iustinus
567 2795 618 2840 M.
658 2795 710 2840 de
745 2797 1000 2842 monarchia
1037 2812 1073 2843 c.
1112 2797 1157 2843 5.
1212 2793 1393 2859 δρῶσιν
1426 2790 1651 2861 αἰσχρόν]
1689 2794 1834 2857 δρῶσι

251 2861 445 2921 φαῦλον
469 2864 584 2910 Plut.
611 2866 764 2925 priore
789 2864 889 2911 loco
917 2874 963 2912 et
988 2867 1200 2912 lustinus.
