2077 3139
306 138 408 191 124
980 139 1250 182 ΚΡΗΣΣΑῙ

302 284 426 331 Eust.
455 283 531 329 Od.
560 298 603 343 p.
622 283 868 339 1532,16.
910 299 975 329 vs.
1005 283 1037 329 4
1065 292 1109 329 et
1135 284 1164 330 5
1193 283 1327 329 habet
1350 284 1464 330 Plut.
1494 284 1602 330 Mor.
1630 299 1671 344 p.
1690 285 1822 333 1097
1844 286 1890 333 D.

304 369 364 400 vs.
391 354 424 399 4
450 347 631 417 πεπτά]
660 355 716 400 cf.
745 354 892 401 Schol.
921 357 997 399 Ar.
1026 355 1105 414 Eq.
1137 354 1269 401 1181
1298 362 1342 399 et
1368 354 1489 400 Suid.
1519 371 1555 399 v.
1584 348 1771 417 ἐλατήρ.

1045 489 1146 541 471

469 577 533 634 τὰ
564 575 609 635 δ’
642 575 780 634 αλλα
811 591 967 651 χαῖρε
999 576 1219 645 κύλικος
1254 578 1525 652 ἑρπούσης
1558 577 1759 655 κύκλῳ.

406 691 507 735 Ath.
536 691 589 736 XI
615 706 657 751 p.
687 690 787 737 504
809 692 866 748 Β,
902 690 979 735 ubi
1014 679 1065 735 τὸ
1100 683 1268 767 κύκλῳ
1303 688 1464 736 πίνειν
1500 691 1782 736 illustratur:
1810 685 1890 735 καὶ

300 748 576 819 Ευριπίδης
636 751 680 804 δ’
728 755 778 804 ἐν
825 752 1142 819 Κρήσσαιςε
1154 752 1211 805 τα
1237 737 1306 804 δ’
1350 788 1418 796 -—
1463 753 1673 823 nfinkcp'.
1750 760 1892 807 Naber

300 830 479 891 Proleg.
509 833 553 876 in
581 830 711 876 phot.
741 846 783 891 p.
815 830 879 876 52
909 832 994 877 huc
1021 830 1162 877 refert
1188 832 1242 876 fr.
1272 831 1420 878 1113.

1045 979 1150 1032 472

471 1067 726 1142 ..νόμος
760 1069 820 1125 δε
851 1066 1060 1135 λείψαν’
1097 1067 1382 1141 ἐκβαλλειν
1413 1075 1591 1127 κυσίν.

406 1183 507 1226 Ath.
546 1182 599 1227 111
637 1197 679 1242 p.
719 1181 782 1227 97
810 1185 868 1224 A:
906 1195 964 1225 τα
998 1169 1137 1237 ὀστᾶ,
1185 1180 1256 1226 ῶν
1295 1169 1455 1235 ουδεὶς
1499 1174 1688 1240 φθόνος
1730 1171 1897 1237 αὐτοῖς

303 1250 503 1312 (cynicis)
540 1243 810 1296 απολαύειν
848 1266 909 1306 ως
945 1248 1080 1296 κυσί·
1117 1249 1257 1296 τοῦτο
1292 1241 1383 1311 γὰρ
1420 1247 1509 1296 εἰσὶ
1545 1247 1626 1296 καὶ
1670 1241 1895 1328 εὔχονται

302 1321 584 1367 καλεῖσθαι·
638 1313 814 1380 νόιιος
851 1345 910 1354 -
949 1318 1119 1366 7.v61.'v'
1165 1316 1216 1366 ἐν
1266 1315 1508 1380 Κρήσσαις
1551 1314 1576 1367 ὁ
1619 1310 1896 1385 Εὐριπίδης

303 1387 413 1451 ἔφη.

1047 1485 1150 1538 473

471 1578 603 1647 πρὶν
633 1573 702 1631 ἂν
734 1622 743 1632 .
779 1621 790 1634 .
825 1579 1098 1648 ἐκφλῆναί
1123 1598 1190 1647 με
1221 1577 1310 1631 καὶ
1342 1585 1548 1647 μαθεῖν
1579 1574 1743 1647 λόγον

409 1687 548 1748 Etym.
578 1689 631 1733 M.
666 1702 711 1749 p
742 1687 987 1745 796,12:
1026 1679 1284 1745 φλήναφος
1308 1714 1377 1720 —
1402 1702 1534 1747 παρα
1568 1678 1621 1732 τὸ
1656 1682 1786 1746 φλέω
1811 1712 1895 1734 -.

303 1746 579 1816 Εὐριπίδης
604 1750 897 1832 παράγωγον
934 1754 1070 1818 ῥῆμα
1106 1747 1201 1802 ἀπὸ
1227 1751 1401 1802 τούτου
1437 1768 1643 1818 ποιησας
1668 1752 1820 1816 φησὶν
1844 1752 1896 1802 ἐν

303 1821 593 1889 Κρήσσαιςε
607 1824 725 1889 πρὶν
751 1843 812 1872 αν
840 1822 1083 1886 ἐκφλῆναί
1105 1854 1171 1859 -
1199 1820 1388 1889 λόγον’.

961 1980 1247 2021 ΚΡΗΤΕΣ

409 2070 484 2112 Ar.
514 2068 621 2113 Ran.
649 2067 775 2114 849:
812 2061 848 2111 ὦ
873 2055 1151 2127 Κρητικας
1147 2061 1202 2111 ιιὲ
1207 2084 1235 2112 ν
1274 2062 1517 2126 συλλέγων
1543 2063 1786 2143 μονῳδίας
1809 2057 1895 2128 γά-

304 2151 424 2196 μους
450 2125 494 2182 τ’
522 2128 750 2192 ἀνοσίους
776 2132 1026 2196 εἰσφέρων.
1077 2137 1152 2182 ubi
1179 2136 1352 2183 Sclnol:
1390 2135 1438 2182 οἳ
1462 2132 1554 2196 μὲν
1586 2133 1654 2191 εἰς
1687 2128 1775 2214 τὴν
1809 2136 1897 2182 τοῦ

298 2201 491 2269 Ἰκάρου
524 2203 776 2268 μονῳδίαν
812 2201 864 2252 ἐν
897 2208 996 2261 τοῖς
1021 2203 1184 2266 Κρησί
1211 2232 1266 2239 -—
1303 2204 1566 2266 Τιμαχίδας
1604 2202 1656 2253 δὲ
1692 2196 1772 2251 δια
1806 2198 1896 2266 τὴν

307 2274 357 2323 ἐν
393 2279 491 2332 τοῖς
518 2273 674 2337 Κρησὶ
711 2278 861 2338 (verba
888 2271 938 2321 ἕν
974 2278 1072 2331 τοῖς
1108 2273 1201 2337 Κρ.
1241 2291 1326 2321 om.
1359 2277 1425 2336 R.)
1459 2276 1591 2337 μῖξιν
1628 2270 1897 2336 Πασιφάης

305 2341 426 2405 πρὸς
453 2338 535 2392 τὸν
560 2346 755 2409 ταῦρον.
805 2348 899 2393 Ioh.
924 2347 1098 2393 Malalas
1125 2362 1166 2407 p.
1180 2347 1274 2422 86,
1300 2347 1386 2394 1οτ
1413 2343 1524 2406 περὶ
1552 2343 1603 2393 δὲ
1628 2348 1713 2407 τῆς
1741 2346 1894 2392 Πασι-

307 2411 436 2477 φάης
464 2413 651 2475 ἐξέθετο
681 2415 839 2478 ὁρᾶμα
866 2405 1192 2476 Εὐριπίδης
1170 2432 1235 2461 ο
1222 2408 1445 2476 ποιητής.
1497 2419 1609 2463 idem
1646 2433 1690 2479 p.
1720 2417 1813 2474 31,
1843 2418 1894 2464 6:

238 2546 242 2550 ι
307 2485 353 2546 ἐξ
377 2505 434 2549 ης
462 2488 559 2547 (int.
588 2486 827 2549 Europam)
857 2483 991 2547 ἔσχεν
1018 2481 1127 2532 υἱὸν
1153 2479 1238 2531 τὸν
1267 2484 1444 2544 Μίνω,
1481 2479 1650 2567 7636ae
1684 2482 1767 2531 καὶ
1793 2480 1894 2532 Εὖ-

306 2548 546 2621 ριπίὸης
527 2573 551 2602 ο
579 2554 856 2617 σοφώτατος
882 2556 1147 2617 ποιητικῶς
1172 2550 1532 2617 συνεγράψατο,
1559 2549 1612 2613 ὃς
1635 2551 1754 2616 φησὶ
1774 2547 1898 2612 Ζεὺς

307 2623 630 2690 μεταβληθεὶς
657 2626 725 2685 εἰς
759 2626 941 2704 ταῦρον
967 2618 1221 2688 Εὐρώπην
1255 2622 1490 2686 ἥρπασεν.
1546 2628 1753 2673 Libanius
1777 2627 1896 2675 Decl.

305 2701 392 2746 vol.
422 2699 451 2746 3
488 2714 532 2759 p.
573 2699 695 2746 375·
734 2695 817 2744 ἵνα
851 2688 916 2757 μή
954 2689 1205 2764 τραγωόὸς
1240 2689 1474 2744 εἰσελθών
1511 2688 1783 2755 Πασιφαην
1817 2713 1895 2756 μι-

307 2761 518 2847 μήσηται
541 2759 630 2826 τὴν
657 2764 963 2826 ἐξοκείλασαν
989 2766 1054 2823 εἰς
1079 2760 1346 2814 ἀλλόκοτον
1380 2763 1549 2827 ε’ρωτα.
1599 2768 1705 2813 ibid.
1731 2783 1778 2843 p.
1807 2766 1894 2814 64:

309 2855 396 2900 ουχ
432 2829 575 2923 ὃρᾶτε
610 2828 693 2885 τὸν
724 2837 872 2886 Μίνω
907 2832 1042 2883 δεινοὶ
1078 2852 1324 2898 πασχοντα
1361 2832 1437 2883 ἐπὶ
1473 2835 1561 2898 τῆς
1594 2849 1777 2897 σκηνης
1812 2832 1896 2881 καὶ

307 2901 396 2960 τὴν
432 2905 592 2955 οἰκίαν
629 2904 783 2956 αὐτοῦ
818 2903 899 2957 δια
924 2907 1010 2954 τοῦ
1036 2925 1119 2969 της
1144 2901 1412 2968 Πασιφαης
1437 2904 1614 2969 ε’ρωτος
1649 2902 1699 2952 ἐν
1725 2898 1895 2968 αἰσχύ-
