2077 3139
897 161 1244 203 PRAEFA'mo
1787 179 1855 215 xv

269 303 503 351 admodum
528 301 725 349 lubricae
751 304 841 349 sint
875 303 1194 363 quaestiones,
1233 305 1278 348 in
1306 303 1466 364 quibus
1506 303 1760 350 facillimum
1796 308 1855 351 sit

268 374 405 419 multa
432 374 665 432 ingeniose
691 375 985 430 comminisci,
1020 380 1142 419 certa
1168 380 1211 418 et
1238 381 1359 419 extra
1398 373 1687 420 dubitationis
1714 375 1854 421 aleam

267 445 413 504 posita
439 443 649 502 indagare
674 443 877 489 videatur
903 457 1000 488 esse
1028 443 1353 489 difficillimum.

370 514 573 557 Ceterum
609 527 708 558 cum
741 514 966 572 paucitate
1002 526 1234 571 versuum,
1272 528 1385 573 quos
1420 527 1471 558 ex
1507 512 1677 558 Electra
1717 514 1853 560 Hera-

266 583 393 628 clidis
428 579 616 627 Hercule
652 597 675 627 a
717 582 1002 641 sequioribus
1049 583 1344 642 scriptoribus
1380 583 1527 628 afferri
1562 584 1776 639 vidimus,
1813 584 1851 629 si

264 651 539 711 perditarum
578 653 850 711 quarundam
875 651 1100 711 Euripidis
1136 652 1385 698 fabularum
1411 652 1625 712 reliquias
1651 653 1852 698 contule·

265 721 402 766 rimus
437 721 578 766 multo
614 721 858 780 largiores,
901 736 990 766 non
1033 725 1279 781 poterimus
1324 736 1412 767 non
1450 724 1599 766 mirari
1643 723 1852 767 fortunae

263 790 522 848 ludibrium,
550 803 662 850 quae
688 791 804 836 haud
830 805 992 851 paucas
1020 793 1207 837 servarit
1232 792 1403 837 fabulas
1429 791 1683 851 Byzantinis
1709 793 1850 837 homi-

264 860 394 905 nibus
420 874 560 920 paene
586 862 789 919 ignotaS,
826 861 935 905 alias
963 861 1129 906 diutius
1165 861 1386 907 lectitatas
1412 862 1480 906 vel
1516 870 1636 908 certe
1672 864 1851 921 saepius

263 930 463 974 laudatas
500 929 628 975 nobis
666 931 884 975 inviderit.
942 931 1149 975 nimirum
1186 933 1466 976 verissimum
1500 939 1568 976 est
1602 932 1851 990 Agathonis

264 1000 390 1057 illud,
559 1059 680 1077 „„
863 1059 926 1082 ,ἱ
1029 1058 1094 1077 Η
1196 1060 1337 1085 Ηῗ
1484 1066 1494 1082 ,

512 1085 600 1128 ταχ
649 1083 709 1112 αν
735 1084 806 1122 τις
831 1083 958 1123 εικος
984 1084 1101 1114 αυτο
1129 1084 1242 1115 tovi:
1292 1085 1417 1114 ειναι
1444 1071 1590 1131 λεγοι,

513 1137 728 1200 βροτοῖσι
753 1133 907 1184 πολλὰ
932 1131 1189 1199 τυγχάνειν
1217 1131 1308 1184 οὐκ
1335 1134 1516 1198 εἰκότα,

264 1250 346 1282 nec
379 1250 557 1296 sperare
598 1239 738 1282 ausim
783 1238 1000 1282 redditum
1046 1237 1174 1282 nobis
1209 1239 1264 1282 iri
1313 1238 1447 1283 ullam
1486 1253 1635 1284 earum
1673 1245 1850 1299 tragoe-

264 1308 459 1363 diarum,
495 1320 603 1365 quas
631 1306 814 1351 amissas
841 1321 939 1351 esse
971 1321 1090 1352 nunc
1116 1307 1340 1352 dolemus:
1368 1309 1445 1353 sed
1470 1309 1506 1353 si
1535 1309 1653 1354 sorte
1679 1310 1850 1355 deside·

264 1385 358 1421 rata
393 1377 536 1420 adhuc
571 1377 791 1436 Euripidis
836 1376 983 1421 fabula
1028 1377 1170 1422 lucem
1212 1378 1392 1436 viderit,
1437 1379 1642 1423 omnibus
1679 1381 1850 1439 patebit

264 1453 430 1505 quanto
457 1460 538 1490 nos
566 1446 619 1491 ab
646 1460 698 1491 eo
727 1446 846 1505 quod
873 1447 1127 1506 quaerimus
1154 1447 1366 1492 distemus
1394 1448 1639 1493 intervallo.

367 1515 583 1574 Superest
626 1523 674 1560 ut
718 1529 1058 1560 commemorem
1103 1517 1148 1561 in
1174 1516 1276 1561 Eur.
1316 1518 1369 1563 sr
1418 1518 1509 1575 15,
1553 1518 1582 1563 3
1633 1518 1849 1564 libroruin

263 1586 532 1644 scripturam
564 1581 760 1642 πλείστη
795 1577 887 1643 *scio
931 1574 1076 1643 ἆοετὴ
1109 1599 1132 1629 e
1166 1584 1322 1641 πίστις
1363 1601 1455 1647 γαρ
1496 1578 1670 1644 αοετῆς
1705 1596 1850 1633 ortam

265 1654 426 1710 videri,
464 1654 508 1698 id
543 1655 662 1713 quod
697 1657 924 1714 perspexit
960 1656 1038 1700 Th.
1067 1655 1298 1715 Gomperz.
1336 1671 1418 1702 nec
1453 1665 1624 1702 certum
1657 1658 1850 1703 arbitror

264 1724 384 1783 quod
408 1723 722 1768 Valckenarius
757 1725 811 1770 fr.
843 1724 967 1782 188,
995 1724 1024 1769 2
1052 1728 1233 1785 scripsit
1258 1724 1525 1786 πολεμίων,
1552 1727 1628 1771 ubi
1653 1727 1846 1785 πολεμι·

264 1791 366 1838 κῶν
384 1794 592 1863 requirit
617 1793 660 1838 C.
688 1793 889 1851 Lugebil.
916 1796 1178 1854 typothetae
1205 1809 1356 1841 errore
1383 1799 1426 1841 in
1454 1797 1510 1841 sr.
1534 1797 1630 1844 30l
1660 1786 1851 1857 ἆσθενῇ

263 1878 345 1923 pro
371 1851 562 1921 ἀσθενῆ
587 1870 633 1908 et
656 1863 703 1908 in
728 1864 878 1910 adnot.
907 1865 960 1909 ad
987 1865 1040 1909 sr.
1055 1864 1154 1911 385
1183 1856 1416 1925 τούνομαι
1439 1880 1520 1926 pro
1547 1858 1760 1926 τοῦνομα
1787 1867 1850 1912 le·

263 1935 398 1992 gitur.

367 2227 645 2286 Subiungere
689 2229 831 2273 visum
875 2235 968 2285 est,
1028 2231 1145 2289 quod
1192 2229 1244 2275 ab
1289 2231 1422 2275 huius
1477 2230 1614 2276 libelli
1659 2232 1847 2277 consilio

260 2309 349 2341 non
378 2297 569 2342 alienum
605 2312 703 2343 esse
744 2299 1039 2357 arbitramur,
1074 2300 1126 2344 ad
1155 2300 1499 2345 TRAGICORVM
1527 2300 1848 2345 GRAECORVM

263 2365 588 2411 FRAGMENTA
635 2382 749 2413 anno
789 2367 920 2414 1856
965 2369 1137 2428 Lipsiae
1179 2370 1295 2413 edita
1339 2370 1711 2430 supplementum.
1773 2372 1848 2414 sed

260 2434 490 2481 brevitatis
516 2437 704 2483 studiosi
729 2439 907 2498 potiora
933 2441 1087 2498 paucis
1114 2439 1333 2484 indicasse
1359 2441 1467 2484 satis
1493 2439 1766 2487 habebimus.

842 2587 1259 2629 AESCHYLVS.

355 2658 692 2731 Ἀθάμαντι
720 2675 794 2719 hic
818 2675 988 2719 accedit
1014 2689 1168 2720 versus
1195 2684 1461 2736 corruptus:

590 2752 736 2816 χαλκ’
718 2769 906 2802 ἐοισιν
889 2751 1174 2816 ἐξαυστηρες
1198 2751 1513 2817 χειρούμενοι.

257 2838 356 2884 vide
389 2840 549 2885 Aesoh.
577 2841 630 2885 fr.
656 2840 756 2886 417
794 2848 838 2886 et
872 2840 1029 2886 Milleri
1065 2842 1311 2901 Me'lanyes
1345 2845 1401 2888 de
1426 2847 1511 2889 lztt.
1541 2844 1622 2889 Gr.
1659 2859 1700 2903 p.
1734 2844 1847 2890 116.

259 2900 574 2970 ἐξαυστῆρσιν
601 2903 935 2969 ἐξαιρούμενοι
963 2913 1155 2957 conIecit
1181 2911 1443 2957 Dindoriius.
