2077 3139
347 108 449 163 206
994 110 1300 152 ‘munniz

1096 247 1197 301 768

515 329 744 397 ἐπιδημία

450 424 634 468 Antiatt.
662 437 705 483 p.
737 421 829 480 93,
866 421 955 469 26·
993 414 1227 480 ἕκὸημία,
1266 411 1324 465 οὗ
1350 413 1505 480 μόνον
1531 413 1794 481 ἀποδημία.
1839 410 1938 468 Εὖ·

344 488 539 553 ριπίὸης
558 481 826 556 Τψιπύλῃ.

1094 581 1196 634 769

510 658 903 733 κροταλισάσης

447 759 579 804 Phot
607 759 710 805 Lex
740 773 781 818 p
815 756 1050 816 18Ο,12;
1090 744 1501 816 κροταλίζειν·οὗ
1531 746 1610 800 ὁια
1637 754 1735 802 τῶν
1761 755 1939 817 χειρῶν

341 842 478 888 upon&
461 829 556 883 εῖν,
590 817 710 872 ἀλλὰ
738 819 818 872 διὰ
844 820 1096 886 κοοτοέλου.
1148 824 1234 884 τῆς
1270 819 1649 887 κροταλισοὲσης,
1688 820 1753 881 ὡς
1783 822 1937 887 Εὐρι-

340 895 487 958 πίδης
536 890 840 963 (Εὐριπίδην
880 900 936 944 ci.
971 893 1125 957 Dobr.)
1173 891 1326 955 φησὶν
1370 888 1394 941 ὁ
1439 891 1652 955 κωμικὸς
1694 892 1807 955 περὶ
1852 895 1941 956 τῆς

335 959 612 1027 Τψιπύλης
652 964 820 1029 λέγων.
886 968 944 1013 cf.
988 970 1060 1012 Ar.
1097 967 1202 1011 Ran.
1245 967 1401 1014 1305:
1446 965 1543 1012 ποῦ
1587 961 1717 1011 ἔστιν
1761 958 1793 1026 ἡ
1834 969 1939 1023 τοῖς

340 1031 598 1098 ὀστρακοις
634 1031 757 1097 αὕτη
794 1037 1060 1098 κοοτοῦσα;
1101 1032 1271 1094 δεῦρο,
1310 1029 1479 1082 Mofia
1511 1029 1800 1093 Εὐριπίδου.
1859 1038 1938 1087 uhi

339 1109 517 1156 Schol.·
556 1105 740 1169 λέγεται
778 1103 829 1153 ὁὲ
865 1104 931 1162 εἰς
958 1098 1047 1165 τὴν
1076 1097 1363 1165 Υψιπύλην
1389 1106 1556 1153 ταῦτα.
1609 1107 1774 1168 Phr-yn.
1803 1108 1935 1155 Bekk.

339 1196 384 1240 p.
412 1180 497 1238 45,
526 1180 615 1227 30:
643 1179 834 1239 κροτεῖν
861 1169 1143 1237 ὀστράκοις·
1186 1166 1543 1238 Ἀριστοφάνης
1570 1170 1650 1222 ἐπὶ
1676 1177 1762 1236 τῆς
1787 1170 1934 1238 Εὖρι·

338 1246 483 1295 πίὸου
517 1245 813 1309 μελοποιίας.
867 1250 1098 1309 Euripides
1135 1248 1241 1308 quid
1277 1249 1437 1293 dixerit
1474 1261 1496 1292 e
1522 1247 1671 1292 Photii
1706 1248 1805 1294 loco
1843 1263 1933 1293 non

338 1325 446 1366 satis
484 1327 683 1380 apparet.
734 1319 870 1365 verbo
906 1315 1203 1381 κροταλιζειν
1240 1332 1348 1363 usus
1393 1325 1461 1363 est
1499 1318 1704 1363 Anaxilas
1744 1317 1862 1364 Com.
1902 1318 1932 1364 3

338 1406 383 1452 p.
415 1391 528 1438 341.

1089 1467 1191 1519 770

503 1568 698 1617 νεαρος

328 1701 339 1720 ε
439 1644 628 1688 Antiatt.
657 1657 698 1704 p.
733 1641 848 1700 109,
881 1641 969 1687 15:
1006 1633 1201 1702 νεαρός·
1237 1632 1347 1684 ἀντὶ
1383 1638 1470 1685 τοῦ
1498 1635 1616 1696 νέος.
1660 1628 1931 1700 Εὐριπίδης

340 1706 592 1776 Υψιπύλῃ.

987 1804 1275 1847 ΦΑΕΘΩΝ

437 1895 660 1954 Longiora
695 1894 783 1939 duo
823 1894 956 1938 huius
996 1893 1170 1939 fabulae
1208 1893 1456 1952 fragmenta
1484 1892 1601 1950 (775
1630 1901 1673 1938 et
1701 1893 1818 1951 781)
1855 1907 1907 1940 ex

334 1971 430 2010 tant
464 1967 508 2009 in
543 1965 711 2010 codicis
741 1965 1069 2009 Claromoutani
1108 1964 1228 2008 soliis
1255 1963 1430 2009 duobus
1468 1965 1708 2023 postremis
1738 1961 1853 2021 (162
1883 1971 1928 2008 et

337 2035 480 2094 163),
526 2035 600 2079 uhi
639 2035 863 2094 Euripidei
899 2048 1055 2079 versus
1101 2036 1259 2093 partim
1297 2035 1443 2078 reciso
1480 2035 1677 2092 margine
1714 2033 1927 2079 inferiore

332 2105 595 2165 perierunt,
638 2107 801 2165 partim
845 2110 992 2149 vetere
1036 2106 1256 2163 scriptura
1301 2104 1445 2147 deleta
1495 2117 1696 2161 novaque
1747 2103 1926 2148 inducta

334 2171 552 2234 (continet
589 2175 661 2223 me
688 2175 825 2220 codex
850 2174 974 2219 Pauli
1010 2173 1243 2233 epistolas)
1280 2174 1504 2218 obscurati
1543 2181 1717 2218 suntet
1755 2173 1923 2218 detriti.

332 2245 670 2305 descripserunt
716 2244 790 2289 illa
837 2244 1087 2303 fragmenta
1114 2243 1236 2288 Imm.
1272 2242 1440 2288 Bekker
1479 2250 1523 2287 et
1559 2243 1605 2288 C.
1646 2244 1689 2288 B.
1728 2239 1923 2302 Hase*)‚

332 2323 536 2360 correcta
580 2315 719 2360 edidit
756 2314 803 2360 G.
843 2314 1120 2359 Hermannus
1157 2313 1317 2373 Opusc.
1358 2313 1386 2359 3
1432 2327 1474 2373 p.
1514 2313 1720 2357 7—21.
1790 2327 1924 2357 scena

334 2384 504 2429 fabulae
540 2385 653 2429 haud
690 2384 847 2444 procul
884 2391 952 2428 est
988 2383 1040 2429 ab
1068 2383 1183 2427 Solis
1222 2384 1340 2442 regia
1378 2384 1421 2427 in
1457 2381 1617 2427 finibus
1654 2382 1923 2442 Aethiopum

331 2454 506 2499 Oceano
552 2454 824 2512 vicinorum,
870 2467 1062 2514 quorum
1107 2467 1182 2498 rex
1227 2453 1429 2512 Merops,
1474 2454 1634 2498 coniux
1672 2452 1921 2512 Clymenaffi

330 2525 511 2583 nuptias
547 2524 838 2569 Phaethontis
878 2524 954 2568 filii
993 2530 1135 2583 parat.
1185 2522 1416 2567 Phaethon
1454 2529 1501 2567 ut
1527 2522 1730 2566 mortalis
1766 2521 1922 2566 abnuit

330 2593 663 2638 matrimonium
701 2608 799 2639 cum
829 2593 907 2639 dea
946 2593 1210 2648 ineundum3
1248 2593 1455 2652 Clymene
1490 2599 1633 2636 mater
1666 2591 1797 2636 docet
1832 2605 1921 2636 non

331 2663 523 2723 Meropis
551 2665 722 2723 ipsum,
750 2663 827 2708 sed
853 2663 968 2709 Solis
996 2676 1094 2708 esse
1120 2662 1285 2721 filium,
1312 2669 1357 2708 et
1383 2661 1510 2706 fidem
1537 2660 1683 2705 vei-bis
1710 2662 1804 2705 suis
1834 2661 1920 2707 sac·

440 2823 483 2875 *)
515 2826 716 2867 Bekkeri
740 2830 786 2867 et
805 2827 939 2866 Hasii
971 2827 1237 2880 apographa
1269 2824 1535 2879 significabo
1567 2824 1734 2865 litteris
1765 2825 1787 2866 b
1809 2830 1855 2865 et
1875 2825 1919 2868 Ιι.

331 2881 490 2924 dubias
522 2882 703 2924 litteras
736 2884 917 2938 punctis
950 2884 1070 2924 infra
1101 2883 1270 2923 lineam
1303 2881 1463 2937 positis
1494 2881 1719 2922 indicabo.
