2077 3139
893 96 1002 138 mse
1646 95 1745 148 105

152 243 394 286 misionem
420 253 635 286 uxorem.
686 254 751 286 ex
777 253 833 285 ea
857 243 1065 299 geminos
1087 242 1212 298 filios
1236 243 1530 298 procreavit.
1573 246 1743 299 postea

154 313 318 356 resciit
343 311 539 357 Inonem
564 313 612 355 in
640 309 865 355 Parnaso
893 322 1012 367 esse,
1040 323 1163 369 quae
1190 308 1348 369 (quam
1373 308 1600 368 Muncker)
1629 312 1741 355 bac·

154 380 388 426 chationis
413 393 589 426 caussa
617 392 669 424 eo
688 383 981 436 pervenisse.
1032 383 1155 424 misit
1180 382 1262 438 qui
1295 392 1397 424 eam
1433 382 1741 425 adducerent.

153 465 294 509 quam
339 451 589 495 adductam
635 451 822 494 celavit.
881 451 1043 494 resciit
1082 449 1314 494 Themisto
1360 463 1463 494 eam
1504 453 1743 495 inventam

155 532 284 579 esse,
323 521 406 564 sed
438 531 562 578 quae
599 525 720 563 esset
747 520 1004 564 nesciebat.
1054 522 1210 577 coepit
1247 520 1364 564 velle
1386 521 1512 577 filios
1539 522 1639 564 eius
1661 532 1740 564 ne-

154 603 285 634 care.
337 592 409 634 rei
432 591 696 644 consciam,
734 602 877 647 quam
903 590 1138 645 captivam
1166 601 1267 634 esse
1304 589 1552 646 credebat,
1591 591 1743 646 ipsam

152 658 348 704 Inonem
373 661 567 716 sumpsit
594 664 639 703 et
664 661 708 703 ei
731 660 850 703 dixit
869 664 919 702 ut
942 660 1067 716 filios
1092 671 1201 703 suos
1222 660 1438 702 candidis
1458 661 1742 704 vestimentis

153 731 386 786 operiret,
429 728 592 773 Inonis
633 729 757 785 filios
791 730 954 787 niqris.
1013 727 1102 773 Ino
1139 741 1249 773 suos
1292 729 1527 783 candidis,
1561 728 1741 773 Themi·

153 800 298 843 sconis
326 799 476 855 pullis
509 801 726 855 opposuit
762 792 972 856 (operuit
999 796 1204 853 Tollius).
1256 803 1368 842 tunc
1399 798 1630 843 Themisto
1666 798 1739 841 de·

153 873 292 924 cepta
327 880 438 912 suos
470 869 594 925 filios
630 868 816 912 occidit.
873 869 924 912 id
957 868 1035 912 ubi
1070 870 1254 922 resciit,
1298 870 1407 924 ipsa
1444 880 1494 911 se
1537 868 1742 912 necavit.

152 937 382 982 Athamas
408 942 562 982 autem
586 940 635 981 in
661 940 906 982 venatione
925 950 1020 994 per
1044 939 1282 982 insaniam
1307 937 1576 982 Learchum
1601 939 1743 981 maio-

152 1019 250 1051 rem
275 1008 422 1064 filium
449 1020 584 1051 suum
607 1006 862 1064 interfecit,
888 1006 977 1051 Ino
1005 1012 1161 1051 autem
1188 1020 1294 1051 cum
1318 1010 1498 1052 minore
1521 1009 1617 1065 filio
1643 1006 1746 1050 Me·

150 1078 319 1122 licerte
365 1080 413 1121 in
453 1089 587 1121 mare
620 1089 671 1121 se
707 1077 873 1121 dei'eczt
908 1082 951 1120 et
993 1078 1082 1121 dea
1128 1082 1196 1121 est
1236 1076 1395 1134 facta.
1463 1076 1741 1135 Euripideam

153 1146 428 1204 tragoediam
454 1152 628 1205 spectat
651 1149 726 1190 Ar.
743 1146 849 1190 Ach.
861 1144 962 1191 435
990 1146 1065 1203 (cf.
1080 1160 1125 1204 p.
1142 1145 1271 1219 103).
1316 1148 1420 1190 item
1437 1146 1566 1206 Vesp.
1583 1145 1740 1191 1413:

153 1210 349 1274 γυναικὶ
382 1240 453 1247 ——-
487 1213 685 1277 θαψίνῃ
713 1207 836 1258 Ἰνοῖ
860 1210 1138 1290 κρεμαμένῃ
1171 1205 1292 1272 πρὸς
1331 1211 1496 1259 ποδῶν
1531 1206 1742 1270 Ευριπί-

153 1281 254 1330 δου.
317 1285 392 1330 ubi
430 1284 605 1330 Schola
643 1276 869 1345 εἰσηγαγε
906 1279 956 1330 δὲ
992 1262 1267 1344 Εὐριπίδης
1303 1299 1394 1343 την
1430 1274 1538 1330 Ἰνω
1579 1274 1743 1345 ωχράν

153 1344 250 1399 υπὸ
278 1352 362 1413 τῆς
388 1350 741 1439 κακοπαθείας.

902 1475 1007 1527 402

319 1575 558 1677 εὕδουσα
590 1574 637 1634 δ’
664 1576 834 1644 Ἰνοῦς
864 1576 1121 1651 συμφορὰ
1151 1577 1327 1636 πολὺν
1356 1578 1557 1651 χρόνον

321 1666 427 1718 νῦν
457 1659 573 1734 ὄμμ’
612 1664 809 1733 ἐγείρει

256 1758 406 1807 Schol.
451 1760 575 1804 Pind.
622 1760 774 1805 Isthm.
819 1759 879 1818 4,
923 1760 1012 1807 39:
1054 1747 1151 1804 αλλ
1199 1748 1543 1821 ἀνεγειρομένα
1583 1757 1743 1818 χρῶτα

152 1820 353 1891 λάμπει]
389 1825 460 1892 τῷ
492 1819 626 1889 αὐτῷ
659 1821 820 1893 τρόπῳ
857 1824 940 1873 καὶ
976 1819 1256 1890 Ευριπίδης
1291 1825 1516 1905 κέχρηται
1557 1819 1737 1874 ει’δοῦσ

155 1923 215 1932 —
230 1893 458 1972 s'ystpet’.
507 1914 570 1944 vs.
600 1900 626 1945 1
667 1868 816 1943 ἰδοῦσ’
849 1888 1053 1954 ἆδινοῦς
1084 1911 1344 1960 συμφοραν
1370 1900 1500 1959 libri,
1536 1890 1742 1944 εὕδουσα

152 1959 194 2011 δ’
230 1959 385 2023 Ινοῦς
420 1980 647 2028 συμφορα
689 1970 981 2030 Musgravius.
1057 1970 1251 2016 sortasse
1292 1977 1493 2044 praestat
1534 1961 1743 2015 εὕδουσα

152 2028 289 2095 δεινὴ
314 2050 544 2114 συμφορα
577 2039 710 2085 scribi
737 2040 851 2085 duce
876 2039 991 2085 Plut.
1018 2043 1184 2087 Anton.
1211 2054 1249 2085 e.
1279 2041 1368 2087 36:
1407 2031 1614 2085 εὕδουσα
1641 2028 1681 2083 δ’
1708 2033 1740 2097 ἡ

153 2100 290 2166 δεινὴ
317 2119 545 2182 συμφορα
570 2101 789 2169 χρόνον
777 2101 957 2164 πολύν,
998 2099 1022 2152 ὁ
1050 2102 1364 2168 Κλεοπατρας
1402 2106 1544 2171 ἔρως,
1583 2105 1743 2154 δοκῶν

151 2169 482 2224 κατευνάσθαι
522 2174 605 2222 καὶ
631 2177 1060 2238 κατακεκηλῆσθαι
1097 2182 1197 2234 τοῖς
1230 2177 1439 2240 βελτίοσι
1479 2181 1739 2240 λογισμοῖς,

148 2238 304 2303 αὖθις
329 2238 575 2307 ἀνέλαμπε
601 2244 682 2294 καὶ
709 2241 993 2309 ἀνεθάρρει.
1040 2264 1152 2309 quae
1179 2252 1217 2295 si
1243 2263 1346 2295 vera
1373 2257 1443 2296 est
1468 2252 1740 2309 coniectura,

149 2318 205 2364 ad
232 2320 502 2364 incertarum
530 2318 778 2365 fabularum
803 2320 1018 2379 reliquias
1045 2320 1172 2366 locus
1200 2322 1286 2365 erit
1312 2320 1603 2381 ablegandus.

895 2468 998 2520 403

316 2577 477 2642 φίλαι
508 2584 766 2642 γυναῖκες
797 2574 911 2636 πῶς
942 2568 1010 2626 ἂν
1043 2573 1095 2638 ἐξ
1126 2570 1292 2644 ἀρχῆς
1326 2569 1530 2644 δόμους

311 2651 648 2727 Ἀθάμαντος
678 2653 956 2727 οἰκήσαιμι
984 2659 1095 2711 τῶν
1125 2659 1526 2728 πεπραγμένων

320 2737 567 2809 δράσασα
597 2740 798 2810 μηδ-έν;

251 2848 368 2894 Plut.
394 2849 504 2895 Mor.
530 2865 572 2909 p.
602 2850 700 2896 556
728 2853 788 2895 A:
827 2840 984 2911 ὥσπερ
1009 2847 1096 2908 τῆς
1123 2843 1280 2905 Ἰνοῦς
1306 2844 1357 2894 ἔν
1392 2849 1491 2904 τοῖς
1517 2842 1741 2910 θεάτροις

2070 2245 2077 2348 0——
2072 2074 2077 2230 .—-.⁷—
