2077 3139
326 138 420 189 134
943 138 1322 180 MEAANIHHH

317 285 608 341 appellatam
633 285 767 340 dicit,
806 297 929 343 quae
956 298 1061 329 cum
1087 285 1301 329 aleretur
1323 287 1372 330 in
1398 291 1551 331 monte
1580 285 1711 332 Pelio
1738 292 1783 332 et
1808 293 1905 332 stu-

316 356 441 399 dium
475 357 522 398 in
560 355 774 400 venando
809 357 1065 399 maximum
1103 355 1322 411 haberet,
1365 357 1566 415 quodam
1602 361 1809 414 tempore
1846 358 1906 402 ab

316 426 459 469 Aeolo
503 423 720 469 Hellenis
759 426 857 482 filio
900 425 1027 469 Iovis
1069 430 1239 480 nepote
1276 438 1565 482 persuasam
1615 429 1903 483 concepisse,

316 507 514 553 eumque
549 496 642 538 iam
670 500 849 551 partus
882 496 1317 552 appropinquaret,
1350 495 1628 554 profuqisse
1653 498 1699 540 in
1725 498 1905 541 silvam.

313 588 382 596 —
408 567 569 623 itaque
606 577 710 609 eum
743 577 926 621 parens
953 576 1057 608 eam
1074 571 1477 623 persequeretur,
1516 567 1692 610 dicitur
1716 568 1798 610 illa
1819 579 1904 623 pe·

315 637 427 679 tisse
453 650 481 678 a
509 635 701 679 deorum
729 639 968 690 potestate
994 647 1053 679 ne
1082 637 1285 691 pariens
1310 650 1339 679 a
1359 641 1570 692 parente
1606 638 1906 692 conspicere-

314 711 405 749 tur.
458 717 582 763 quae
614 706 806 750 deorum
842 705 1080 749 voluntate
1107 711 1364 764 postquam
1391 708 1606 763 peperit,
1655 708 1703 750 in
1739 718 1907 764 equam

315 787 546 820 conversa
583 777 707 819 mter
755 780 890 819 astra
933 780 1002 819 est
1046 777 1317 822 constituta.
1384 776 1442 820 cs.
1479 775 1702 819 Eratosth.
1741 775 1906 820 Catast.

313 858 352 888 c.
383 844 444 890 18
472 851 516 888 et
542 843 688 889 Schol.
703 843 848 889 Germ.
862 843 982 888 Caes.
996 846 1117 889 Arat.
1140 859 1181 904 p.
1200 845 1280 903 79,
1296 844 1388 891 3et
1410 845 1526 902 141,
1547 844 1594 891 6.
1631 845 1716 889 huc
1734 850 1907 903 spectat

313 914 469 959 Pollux
495 913 552 971 4,
583 913 705 958 141:
733 929 790 957 τα
817 908 916 958 δὲ’
896 909 1103 958 ε’κσκευα
1128 906 1365 975 πρόσωπα
1389 940 1461 950 —-
1479 906 1634 974 Ἰππη
1662 903 1693 973 ἡ
1721 910 1905 975 Χείρω-

313 997 395 1039 νος
420 973 819 1044 ὑπαλλαττομένη
845 979 912 1038 εἰς
939 980 1093 1028 ἵππον
1119 976 1236 1045 παρ’
1267 973 1535 1049 Εὐριπίδῃ.

651 1135 1095 1176 ΜΕΛΑΝΙΠΠΗ
1125 1137 1169 1176 H
1200 1136 1570 1177 ΔΕΣΜῼΤΙΣ

416 1224 740 1282 Argumentum
774 1225 1032 1284 tragoediae
1067 1224 1202 1269 tradit
1237 1224 1334 1285 Hyg
1341 1225 1438 1268 inus
1474 1223 1560 1269 sab.
1586 1223 1701 1271 186.
1751 1224 1902 1285 Epigr.

313 1294 455 1353 Cyzic.
482 1294 663 1340 Anthol.
690 1294 781 1339 Pal.
809 1295 865 1352 3,
898 1294 987 1341 16.·
1023 1289 1175 1337 Αἴολε
1211 1290 1292 1338 καὶ
1322 1290 1527 1351 Βοιωτέ,
1567 1285 1731 1353 σοφόν
1768 1295 1905 1353 φιλο-

313 1359 502 1422 μήτορα
536 1355 724 1423 μόχθον
758 1359 993 1424 πρήξατε,
1037 1353 1202 1424 μητέρ’
1249 1354 1333 1423 ἑὴν
1379 1358 1614 1443 ρυόμενοι
1655 1358 1899 1410 θανάτου

311 1424 521 1478 τοῦνεκα
563 1449 654 1495 γαρ
699 1429 782 1478 καὶ
823 1426 1073 1493 πεφήνατε
1116 1426 1311 1493 ἄλκιμοι
1345 1425 1541 1494 ἄνδρες,
1587 1425 1639 1490 ὃς
1683 1430 1774 1493 μὲν
1813 1425 1897 1479 ἀπ’

313 1500 540 1563 Αιολίης,
577 1496 630 1560 ὃς
671 1494 713 1548 δ’
744 1494 840 1549 ἀπὸ
869 1502 1107 1563 Βοιοτίης.
1160 1519 1249 1565 quo
1278 1507 1594 1564 epigrammate
1621 1505 1904 1551 celebrantur

312 1570 495 1628 Αἴςολο
521 1570 603 1619 καὶ
626 1564 836 1629 Βοιωτὸς
853 1571 1161 1629 Ποσειδῶνος
1186 1571 1354 1629 παῖὸες
1380 1568 1614 1635 ῥυόμενοι
1634 1570 1686 1620 ἐκ
1714 1571 1904 1634 δεσμῶν

312 1636 401 1703 τὴν
436 1640 618 1706 μητέρα
643 1643 997 1703 Μελανίππην.
1049 1645 1208 1691 Strabo
1243 1645 1293 1690 VI
1328 1660 1371 1704 p.
1400 1645 1499 1691 265
1535 1645 1589 1690 de
1623 1645 1898 1706 Metapontio

312 1715 562 1761 disserens:
599 1710 821 1760 ἐνταῦθα
849 1711 899 1761 δὲ
924 1709 1007 1760 καὶ
1035 1705 1119 1760 τὸν
1148 1707 1479 1761 ῙἈετοῖποντον
1517 1709 1793 1773 μυθεύουσι
1817 1710 1897 1759 καὶ

247 1813 252 1823 .
311 1800 399 1844 την
427 1785 762 1845 Μελανίππην
799 1777 886 1845 τὴν
914 1782 1153 1845 ὁεσμῶτιν
1177 1780 1262 1830 καὶ
1287 1775 1372 1829 τὸν
1408 1779 1454 1842 ἐξ
1480 1776 1632 1844 αὐτῆς
1659 1778 1895 1831 Βοιωτον.

1059 1921 1162 1974 493

477 2009 582 2068 σὺν
613 2017 686 2086 τῷ
716 2014 835 2084 θεῷ
849 2008 964 2116 29⁷}
996 2011 1124 2078 τούς
1157 2009 1362 2082 σοφούς
1392 2008 1760 2082 ἀναστρέφειν

477 2092 799 2166 βουλεύματ’
832 2091 917 2151 ἀεὶ
947 2094 1080 2166 πρὸς
1111 2094 1169 2151 τὸ
1201 2094 1624 2167 χρησιμώτερον.

415 2192 550 2237 O1i0n
576 2193 693 2238 Flor.
723 2192 770 2248 5,
799 2192 827 2238 3
868 2192 1064 2252 p.255,
1105 2193 1188 2238 16:
1231 2187 1282 2236 ἐκ
1310 2189 1643 2253 Μελανίππης
1671 2187 1898 2252 ὁεσμωτι-

309 2258 389 2317 ὁος
414 2250 710 2323 Ευριπίδου.
763 2251 882 2308 ’συν
910 2289 972 2295 -
1001 2253 1406 2324 χρησιμώτερον’

475 2496 605 2544 ἴστω
638 2485 682 2543 δ’
716 2484 911 2558 ἄφρων
943 2484 1020 2544 ὦν
1050 2485 1195 2553 ὅστις
1226 2484 1447 2553 ἄτεκνος
1480 2484 1558 2544 ὢν
1587 2485 1645 2544 τό
1676 2489 1809 2558 πρὶν

475 2577 676 2636 παῖδας
706 2578 978 2642 θυραίους
1012 2578 1088 2637 εἰς
1121 2570 1320 2644 δόμους
1354 2570 1632 2642 ἐκτήσατο,

473 2655 573 2727 τὴν
603 2668 802 2726 μοῖραν
835 2660 909 2721 εἰς
939 2654 997 2712 τὸ
1028 2653 1100 2728 μὴ
1132 2653 1307 2727 χρεών
1336 2658 1766 2727 παραστρέφων·

474 2731 517 2814 ςιῖ
545 2739 648 2811 γὰρ
678 2741 801 2795 θεοὶ
835 2743 1026 2796 διδῶσι
1055 2739 1128 2812 μὴ
1159 2743 1330 2811 φῦναι
1358 2743 1539 2808 τέκνα,

472 2820 537 2879 οὐ
569 2821 670 2896 χρὴ
699 2821 974 2895 μάχεσθαι
1005 2821 1138 2894 πρὸς
1168 2823 1226 2879 τὸ
1257 2834 1434 2894 θεῖον,
1467 2819 1581 2878 ἀλλ’
1617 2825 1725 2879 ε’ἇυ.
1814 2840 1841 2880 5

409 2919 530 2966 Stob.
559 2920 677 2966 Flor.
719 2921 809 2980 76,
850 2920 937 2967 10:
975 2912 1252 2981 Εὐριπίδου
1291 2912 1608 2979 Μελανίππη.
1661 2915 1807 2965 εἴστω
1845 2911 1888 2962 δ’

2054 694 2068 972 ἒ

2065 1631 2067 1633 v
2063 1538 2071 1602 (m.-
2059 1291 2071 1516 -ρ-...ρνκ-..ιυ-
2060 989 2069 1276 -ρ,-.-..--,--«..

2065 2060 2077 2660 Μ-Μ“«--ι--ῌ.Μ»
2064 1831 2074 2047 ndum...
2066 1781 2073 1803 ο
2064 1698 2072 1757 ω.-
2066 1678 2070 1682 -
2065 1650 2072 1666 ο
