2077 3139
277 138 383 195 300
891 139 1265 184 PRAGMENTA

279 285 436 363 ripidis
472 280 652 345 Rheso).
704 273 730 329 ὁ
765 282 888 345 γοῦν
901 281 1213 364 Δικαίαρχος
1249 279 1460 340 ἐκτιθεὶς
1495 299 1586 342 την
1621 272 1867 330 ὗπόθεσιν

279 352 365 399 τοῦ
383 344 562 413 Ῥήσου
587 349 781 431 γράφει
791 344 915 399 κατα
940 349 1066 410 λε’ξιν
1093 346 1244 437 οὕτως
1282 352 1404 400 (νῦν
1427 381 1498 388 -
1523 349 1865 432 διφρήλατοςῆ

279 418 330 468 ἐν
357 418 502 479 ἐνίοις
539 419 590 469 δὲ
623 421 721 469 τῶν
756 412 1070 485 ἀντιγράφων
1104 417 1262 483 ἕτερός
1297 440 1369 480 τις
1393 421 1588 484 φέρεται
1627 417 1867 502 πρόλογος

278 484 436 570 πεζὸς
452 509 587 539 πανυ
621 489 704 538 καὶ
739 486 797 538 οὐ
832 490 1029 550 πρέπων
1065 485 1337 557 Εὐριπίδῃ·
1374 490 1456 539 καὶ
1490 487 1608 555 τάχα
1641 485 1703 539 ἄν
1740 509 1866 550 τινες

279 564 376 623 va}v
410 550 690 623 ὑποκριτῶν
726 560 882 610 διεσκε
862 558 1090 620 υακότες
1126 558 1221 610 εἷεν
1264 559 1430 612 αὐτόν.
1496 560 1591 624 ε’χει
1630 559 1681 610 δὲ
1714 556 1867 620 οὕτως

279 625 347 678 εω
372 634 457 679 τοῦ
486 661 547 667 -
577 628 980 696 ἐκτετριμμένην’
1011 634 1083 692 (sr.
1118 634 1283 691 1094).

1009 768 1143 821 1094

447 851 489 914 ὦ
521 862 618 914 τοῦ
650 865 908 930 μεγίστου
940 857 1113 930 Ζηνὸς
1144 856 1373 930 ἄλκιμον
1402 861 1552 925 τέκος

446 941 689 1013 Παλλάς,
720 948 776 998 τί
806 945 1053 1013 δρῶμεν;
1086 941 1186 998 οὐκ
1219 945 1382 1015 ἐχρῆν
1411 941 1548 1014 ἡμᾶς
1581 948 1657 1000 ἔτι

447 1028 666 1098 μέλλειν
693 1023 924 1098 Ἀχαιῶν
956 1021 1193 1096 ὠφελεῖν
1224 1025 1611 1098 στρατεύματα.

446 1115 556 1166 νῦν
586 1109 687 1181 γὰρ
719 1112 896 1175 κακῶς
928 1108 1272 1182 πράσσουσιν
1304 1114 1362 1166 ἐν
1392 1108 1535 1182 μάχῃ
1570 1107 1726 1182 δορὸς

447 1192 612 1267 λόγχῃ
643 1198 834 1264 βιαίως
851 1191 1107 1266 ’Έκτορος
1139 1192 1553 1266 στροβούμενοι.
1803 1208 1832 1250 5

451 1280 566 1350 ἐμοὶ
598 1277 700 1350 γὰρ
732 1275 898 1334 οὐδὲν
937 1285 1083 1334 ἔστιν
1114 1276 1326 1349 ἀλγέων
1357 1278 1505 1349 ἄκος,

449 1364 501 1428 ἐξ
533 1352 646 1418 οὔτ’
685 1367 864 1434 ἔκρινε
897 1360 1112 1435 Κύπριν
1137 1358 1485 1433 Ἀλέξανδρος
1516 1360 1660 1418 θεὰν

448 1443 628 1501 κάλλει
664 1444 923 1516 προήκειν
946 1448 1041 1516 τῆς
1075 1448 1202 1517 ἐμῆς
1236 1444 1534 1517 εὐμορφίας

448 1530 536 1584 καὶ
570 1532 687 1600 σῆς,
717 1525 942 1599 Ἀθάνα,
975 1528 1232 1600 φιλτάτης
1266 1531 1381 1599 ἐμοὶ
1412 1533 1585 1599 θεῶν,

447 1618 498 1668 εἰ
524 1612 597 1684 μὴ
630 1627 1074 1683 κατασκαφεῖσαν
1104 1611 1304 1683 ὄψομαι
1336 1610 1495 1668 πόλιν
1774 1627 1827 1669 10

447 1695 703 1768 Πριάμου
734 1702 829 1770 βία
859 1694 1148 1767 πρόρριζον
1181 1697 1612 1767 ἐκτετριμμένην.

382 1811 565 1868 Argum.
593 1808 695 1852 Eur.
725 1808 874 1863 Rhes„
903 1809 998 1853 vide
1027 1808 1078 1853 fr.
1110 1807 1256 1854 1093.
1307 1821 1369 1852 vs.
1401 1806 1429 1851 2
1466 1806 1512 1851 τί
1538 1802 1727 1867 δρῶμεν
1753 1807 1866 1854 Mor·

279 1878 496 1935 stamius,
540 1874 776 1938 παρῶμεν
812 1878 927 1923 libri.

1001 1996 1135 2050 1095

445 2072 699 2144 ἀγοραῖος
729 2078 859 2138 νοῦς

382 2185 544 2229 Aneed.
573 2185 704 2230 Bekk.
744 2200 785 2244 p.
815 2185 944 2241 339,
975 2185 1060 2230 10:
1096 2173 1326 2243 αγοραῖος
1352 2181 1492 2239 νοῦς·
1529 2173 1716 2228 ὃποῖνυ
1741 2172 1866 2229 εὖτε·

280 2242 363 2313 λὴς
389 2248 472 2298 καὶ
496 2246 808 2313 συρφετώδης
843 2245 957 2299 ουδὲ
983 2248 1412 2313 πεφροντισμένος·
1452 2251 1503 2297 οἵ
1522 2245 1616 2314 γάρ
1641 2242 1867 2315 ἀγοραῖοι

276 2318 538 2382 α’νθρωποι
564 2315 776 2382 ἀμαθεῖς
810 2318 893 2368 καὶ
919 2316 1216 2370 ἀπαίδευτοι.
1268 2314 1420 2378 οὕτως
1450 2316 1737 2382 Εὐριπίδης.
1786 2338 1864 2383 po-

279 2396 367 2440 tius
403 2388 558 2449 οὕτως
588 2384 945 2453 Ἀριστοφοῖνης
979 2393 1116 2453 (Com.
1157 2393 1242 2440 vol.
1283 2394 1311 2440 2
1356 2409 1401 2454 p.
1444 2393 1595 2452 1142)
1631 2391 1864 2440 dicendum

279 2464 419 2511 fuisse
465 2465 720 2525 suspicatur
765 2464 1022 2510 MeinekiuS.

1007 2611 1139 2664 1096

444 2699 642 2772 θράσει
683 2701 784 2772 μὲν
814 2698 998 2766 οὐδεὶς
1040 2697 1288 2768 οὐδέπω,
1331 2698 1480 2775 πόνῳ
1514 2699 1573 2755 δὲ
1611 2699 1702 2754 καὶ
1740 2721 1861 2770 γεν-

445 2782 691 2855 ναιότητι
722 2786 812 2840 καὶ
844 2788 1103 2858 ἐπιεικείᾳ
1134 2780 1331 2855 ἀρετὴν
1373 2780 1713 2853 ἐπεκτήσατο.

383 2897 642 2957 Anonymus
668 2896 832 2942 Anecd.
863 2895 996 2941 Oxou.
1033 2895 1119 2940 vol.
1146 2894 1179 2940 4
1213 2909 1256 2955 p.
1285 2893 1411 2951 254,
1448 2892 1534 2939 19:
1570 2883 1860 2956 Εὐριπίδου.

1963 0 2026 301 3

2001 297 2032 516 3

2007 517 2035 663 3

2021 665 2044 991 3

2032 998 2046 1106 Ξ
