2077 3139
873 91 1105 135 οῙΝΕΤΣ
1682 91 1778 144 151

299 233 510 280 Philosu.
547 234 721 280 Heroie.
758 249 800 293 p.
831 234 957 308 285,
995 234 1081 279 12ε
1119 227 1232 278 νυνὶ
1270 229 1320 278 δέ
1351 249 1432 294 μοι
1467 228 1621 280 ἐκεῖνο
1657 231 1780 280 εἰπέ·

195 298 350 348 οἰκεῖα
375 304 600 364 γεωργεῖς
624 301 791 360 ταῦτα,
819 291 853 360 ἦ
881 296 1127 378 δεσπότης
1138 298 1224 362 μὲν
1251 303 1416 348 αυτῶν
1442 299 1615 361 ἕτερός.
1643 296 1702 349 σύ
1731 300 1782 350 δὲ

197 368 435 432 τρέφοντα
459 371 631 418 τοῦτον
657 368 866 432 τρέφεις,
898 363 1052 432 ὥσπερ
1078 361 1163 418 τὸν
1187 371 1275 418 τοῦ
1295 365 1567 435 Εὐριπίδου
1596 370 1758 420 Οἰνέα.

942 507 1044 559 566

363 610 591 661 πυκνοῖς
625 592 678 651 δ’
715 601 943 666 ἔβαλλον
973 603 1214 668 Βακχίου
1246 595 1533 668 τοξεύμασι

363 679 500 751 κάρα
531 677 934 779 γέροντος·ςτὸν
964 680 1203 750 βαλόντα
1235 681 1297 736 δὲ
1327 684 1547 752 στέφειν

364 761 467 834 ἐγω
496 785 784 834 τεταγμην,
817 764 963 818 ἆθλα
994 762 1282 833 κοσσαβων
1315 763 1518 830 διδούς.

301 860 401 905 Ath.
429 860 501 905 XV
526 875 570 920 p.
601 860 698 906 666
721 860 778 904 C.
815 852 1047 921 κότταβος
1074 850 1118 904 δ’
1149 855 1367 905 ἐκαλεῖτο
1403 857 1485 905 καὶ
1511 851 1564 905 τὸ
1591 858 1780 920 τιθέμε-

195 943 283 974 νον
318 915 477 974 ἆθλον
503 930 602 984 τοῖς
636 932 838 973 νικῶσιν
866 924 917 973 ἐν
942 929 1011 973 τῶ
1046 921 1205 994 πότῳ,
1246 946 1308 985 ως
1338 921 1617 990 Εὐριπίδης
1642 928 1781 993 παρί-

194 1009 364 1058 στησιν
391 994 441 1043 ἐν
470 996 614 1044 Οἰνεῖ
635 995 786 1059 λέγων
812 991 963 1054 οὕτως
991 1000 1224 1055 πυκνοῖς
1247 1025 1318 1034 -
1344 994 1539 1056 διδούς’
1546 1037 1555 1046 .

940 1135 1040 1186 567

363 1223 527 1296 σχολὴ
558 1223 657 1294 μὲν
687 1219 828 1295 οὐχί,
858 1226 934 1298 τῷ
967 1224 1026 1279 δὲ
1059 1229 1428 1296 δυστυχοῦντί
1452 1248 1566 1292 πως

361 1303 595 1377 τερπνὸν
624 1305 683 1362 τὸ
715 1308 860 1373 λέξαι
891 1303 1383 1365 κᾶποκλαύσασθαι
1413 1307 1590 1365 πάλιν.

300 1403 424 1449 Stoh.
451 1403 572 1448 Flor.
605 1404 793 1462 113,1.
851 1404 906 1448 es.
937 1403 1125 1449 Galenus
1153 1405 1237 1450 xol
1266 1406 1295 1451 5
1333 1420 1374 1464 p.
1402 1406 1503 1452 423
1541 1406 1642 1464 (v.ol
1675 1406 1699 1450 1
1737 1422 1781 1467 p.

196 1471 297 1520 284
323 1474 390 1518 ed.
416 1474 565 1530 Β3511.,
593 1473 682 1518 vol.
710 1474 739 1519 5
768 1488 810 1531 p.
842 1474 939 1519 153
968 1471 1160 1534 Chart.):
1189 1468 1372 1535 λέγεται
1401 1470 1451 1520 δὲ
1477 1470 1559 1520 καὶ
1585 1473 1783 1520 τοιαῦτα

194 1567 263 1575 —-
288 1539 354 1598 εἰς
379 1532 432 1587 τὸ
465 1558 587 1588 κατα
614 1558 702 1601 την
730 1535 887 1601 λύπην
912 1532 1104 1604 ἀγωγόν
1139 1541 1267 1599 τοῖς
1295 1539 1346 1590 δὲ
1372 1540 1660 1604 δυστυχοῦσί
1681 1561 1782 1600 πως

194 1601 403 1668 τερπνὸν
437 1603 486 1656 τὸ
522 1610 729 1656 κλαῦσαι
763 1603 1143 1695 κάποδύρασθαι
1177 1607 1370 1673 τύχας’.
1417 1615 1629 1661 Calenum
1658 1615 1783 1660 aber-

194 1697 318 1728 rasse
352 1683 402 1727 ad
429 1683 587 1728 Aeseh.
613 1682 760 1727 Prom.
789 1683 913 1729 637:
951 1677 1013 1737 ὡς
1038 1671 1369 1727 ταποκλαῦσαι
1405 1675 1782 1745 κάποδύρασθαι

194 1744 357 1812 τύχας,
383 1753 492 1797 vidit
517 1752 781 1797 Husehkius.
834 1767 898 1797 vs.
928 1752 957 1798 2
985 1745 1134 1798 παλιν
1159 1762 1431 1813 suspectum.

938 1887 1041 1940 568

359 1973 492 2034 ὅταν
521 1978 678 2033 κακοὶ
709 1975 1009 2049 πράξωσιν,
1043 1969 1088 2032 ιδ
1116 1980 1278 2050 ξένοι,
1310 1984 1507 2051 καλῶς,

360 2057 501 2131 ἅγαν
531 2065 857 2131 κρατοῦντες
897 2059 998 2116 κού
1029 2068 1340 2133 νομίζοντες
1373 2068 1533 2134 δίκην

363 2142 561 2200 δώσειν
593 2150 832 2215 ἔδρασαν
863 2143 1025 2200 πάντ’
1060 2148 1280 2217 ἐφέντες
1309 2145 1499 2219 ἡδονῇ.

296 2240 420 2287 Stob.
447 2241 564 2286 Flor.
596 2242 713 2300 106,
741 2242 785 2288 3.
836 2242 968 2288 verba
998 2250 1103 2287 sunt
1131 2243 1283 2289 Oenei.

940 2363 1041 2414 569

192 2461 356 2504 ΔΙΟΜ.
403 2449 471 2507 σύ
503 2449 554 2506 δ’
589 2441 686 2507 ‹56’
725 2457 919 2523 ἔρημος
952 2451 1246 2525 ξυμμάχων
1275 2449 1614 2522 ἆπόλλυσαις

238 2545 355 2586 ΟΙΝ.
401 2541 457 2591 οἳ
483 2535 582 2607 μὲν
612 2533 715 2605 γὰρ
747 2531 931 2591 οὐκέτ’
966 2541 1137 2607 εἰσίν,
1169 2541 1225 2593 οι
1254 2535 1305 2592 δ’
1341 2535 1493 2603 ὄντες
1523 2541 1693 2593 κακοί.

294 2633 368 2677 Ar.
397 2632 504 2678 Ran.
534 2632 622 2678 72:
651 2626 818 2688 δέομαι
843 2632 1051 2690 ποιητοῦ
1078 2628 1259 2690 δεξιοῦ·
1299 2632 1374 2678 οἳ
1398 2630 1487 2692 μὲν
1510 2661 1578 2669 -—-
1605 2630 1778 2677 κακοί’

190 2701 271 2758 (vs.
300 2701 362 2760 2).
411 2702 486 2748 ubi
513 2701 683 2747 Schola
713 2694 981 2761 Εὐριπίδου
1006 2696 1053 2758 ἐξ
1081 2698 1261 2758 Οἰνέως
1300 2693 1385 2748 ρσυ
1414 2694 1454 2748 δ’
1488 2690 1571 2748 ὧδ’
1603 2729 1670 2736 -
1696 2718 1780 2747 κα-

190 2768 310 2814 κοί’.
374 2772 596 2818 Diomedis
632 2773 831 2831 priorem
868 2785 968 2817 esse
1002 2786 1203 2818 versum.
1243 2774 1430 2818 alterum
1467 2773 1627 2830 Oenei,
1671 2772 1780 2818 vidit

191 2837 388 2886 Grotius.
437 2855 500 2886 vs.
539 2840 568 2886 2
605 2841 741 2886 hahet
778 2840 908 2901 Greg.
937 2840 1066 2902 Cypr.
1102 2842 1161 2901 3,
1196 2820 1262 2887 22
1286 2857 1336 2901 a,
1371 2844 1570 2888 imitatus
1606 2843 1780 2888 videtur
