2077 3139
791 119 1095 164 ΤΨῙΠΤΛΗ
1640 115 1743 168 203

258 269 461 315 A1.Ran.
493 267 651 315 1328:
685 253 780 309 ἆνα
812 254 865 310 τὸ
901 254 1332 339 δωδεκαμήχανον
1341 253 1571 322 Κυρήνης
1605 259 1742 318 μελο-

153 337 322 385 ποιῶν.
373 339 448 383 ubi
475 337 623 384 Sehol.
663 335 799 394 (sicut
824 334 982 380 Suidas
1007 348 1047 378 v.
1067 322 1532 425 εδωδεκαμήχανον);
1567 324 1665 374 ἔστι
1694 324 1742 374 δὲ

155 423 287 466 παρα
310 423 368 452 τα
395 403 442 464 ἐξ
456 397 740 464 Ὑψιπύλης
764 394 1082 464 Εὐριπίδουε
1096 392 1504 460 ἆνᾶ-οἱστρον’.
1540 390 1741 462 αστρον]

47 506 60 538 ·.
108 547 115 552 p
155 469 335 539 ἄντρον
364 478 499 523 codex
526 474 567 522 Θ
593 478 638 521 in
665 476 829 534 glossa.

906 608 1007 661 756

326 696 605 773 περίβαλ’,
638 691 679 754 ὦ
711 700 923 770 τέκνον,
957 696 1163 763 ὠλένας

29 847 71 878 ‚2
262 814 336 857 Ar.
365 813 470 856 Rau.
500 809 657 857 1322·
693 796 957 889 περίβαλλ’,
996 798 1258 861 ὦτέκνον,
1287 797 1481 860 ὠλένας.
1533 804 1744 851 Scholion

40 894 74 963 ⁸²}
154 895 221 926 vs.
251 881 407 928 1320:
435 875 518 925 καὶ
544 869 598 924 τὸ
625 877 714 923 ‘ne
719 868 891 939 ρίβαλ’,
919 865 1180 923 ωτέκνον’
1208 871 1254 933 ἐξ
1269 866 1561 936 Τψιπύλης.

907 1026 1007 1079 757

325 1115 358 1173 ἃ
385 1122 524 1189 γοῦν
553 1119 822 1187 παραινῶ,
853 1113 1022 1172 ταῦτά
1052 1139 1158 1186 μου
1191 1117 1358 1185 δέξαι,
1391 1112 1570 1185 γύναι.

327 1209 432 1273 ἔφυ
461 1202 560 1274 μὲν
591 1197 775 1266 οὐδεὶς
804 1199 949 1264 ὅστις
980 1196 1046 1255 οὔ
1081 1213 1240 1255 πονεῖ
1267 1201 1496 1270 βροτῶν,

325 1284 528 1342 θάπτει
557 1307 615 1340 τε
645 1286 806 1340 τέκνα
837 1307 1032 1388 χατερα
1064 1289 1252 1339 κτᾶται
1281 1285 1397 1353 νέα,

327 1367 488 1433 αὐτός
517 1392 575 1424 τε
605 1367 864 1438 θνήσκει·
898 1369 987 1423 καὶ
1018 1365 1138 1422 τάδ’
1175 1364 1439 1438 ἄχθονται
1470 1371 1675 1436 βροτοί,

329 1459 406 1517 εἰς
436 1454 541 1524 γῆν
570 1455 831 1523 φέροντες
862 1452 978 1522 γῆν.
1027 1447 1336 1522 ἀναγκαίως
1370 1447 1419 1505 6'
1458 1455 1564 1521 ἔχει
1678 1466 1705 1506 5

326 1542 451 1608 βίον
480 1541 719 1607 θερίζειν
751 1534 888 1591 ω’στε
918 1558 1189 1607 καρπιμον
1221 1533 1446 1606 στάχυν,
1772 1542 1775 1545 ’

327 1622 418 1675 καὶ
447 1617 542 1676 τὸν
572 1620 672 1691 μὲν
705 1619 864 1689 εἶναι,
895 1617 993 1674 τὸν
1024 1619 1085 1674 δὲ
1115 1617 1213 1690 μή·
1246 1624 1303 1673 τί
1329 1620 1500 1673 ταῦτα
1533 1620 1620 1672 δεῖ

328 1705 558 1773 στένειν,
590 1700 727 1774 ἅπερ
762 1707 847 1758 δεῖ
876 1702 1011 1757 κατὰ
1041 1701 1212 1773 φύσιν
1246 1705 1568 1771 διεκπερᾶν,

329 1786 514 1844 δεινὸν
544 1785 647 1858 γὰρ
677 1783 842 1842 οὐδέν
871 1789 982 1842 των
1011 1784 1329 1856 ἀναγκαίων
1359 1791 1589 1857 βροτοῖς.

267 1899 466 1944 Clemens
492 1898 612 1943 Alex.
641 1898 806 1944 Strom.
842 1897 894 1942 IV
927 1913 967 1957 p.
998 1897 1096 1943 587
1125 1912 1218 1957 sq.:
1253 1885 1278 1940 ὁ
1313 1894 1436 1956 γοῦν
1452 1883 1747 1987 Εὐριπίδης

67 1995 71 2018 ς
160 1963 286 2030 λέγει
312 1959 827 2030 ἂγοῦν-βροτοί’
856 1967 933 2024 (vs.
966 1967 1134 2024 1—4).
1195 1958 1295 2011 εἶτα
1322 1960 1537 2024 ἐπιφέρει
1562 1962 1746 2010 ταῦτα

162 2037 238 2084 δεῖ
261 2064 324 2072 -
351 2036 874 2115 βροτοῐς’(νε.7-9).
918 2027 1524 2097 Plut.n10r.p.110F:013
1549 2029 1748 2093 φαύλως

160 2123 251 2170 γαρ
276 2124 338 2152 αν
365 2102 513 2164 δόξειε
498 2122 547 2151 ν
571 2097 596 2152 ὃ
629 2122 763 2166 παρα
787 2107 853 2170 τῷ
892 2104 1071 2169 ποιητῇ
1103 2096 1408 2166 Ἀμφιαρεως
1441 2105 1746 2181 παραμυθεῖ-

66 2235 72 2244 ⁸
159 2180 281 2224 σθαι
315 2167 404 2236 τὴν
431 2169 725 2259 Ἀρχεμόρου
759 2171 941 2236 μητέρα
977 2173 1414 2236 δυσχεραίνουσαν,
1455 2168 1528 2220 ὅτι
1573 2165 1747 2235 νήπιος

161 2264 229 2293 ων
264 2238 289 2292 ὁ
324 2249 442 2304 παῖς
476 2243 558 2292 καὶ
593 2263 719 2308 αγαν
754 2238 909 2307 ἄωρος
947 2238 1232 2305 ἐτελεύτησε.
1292 2241 1416 2304 φησὶ
1459 2260 1550 2305 γαρ
1594 2259 1747 2300 ουτως

161 2314 284 2376 ἐ’φυ
309 2312 398 2376 μὲν
429 2343 484 2350 -
516 2314 739 2409 βροτοῖς’
763 2317 841 2375 (vs.
871 2317 956 2361 2-
958 2316 1038 2376 -9).
1084 2316 1204 2362 Stoh.
1233 2315 1353 2361 Flor.
1386 2315 1501 2373 108,
1531 2315 1620 2360 11:
1645 2305 1745 2359 Εὗ-

161 2383 358 2448 ριπίδου
387 2377 654 2446 Υψιπύλη.
724 2383 849 2445 ε’φυ
884 2381 972 2445 μὲν
1003 2411 1073 2419 —
1108 2381 1395 2446 διεκπερᾶν’
1442 2382 1520 2446 (v.s
1551 2384 1743 2443 2—8).

162 2458 289 2504 verba
317 2454 428 2518 βίον
453 2482 520 2489 ——
543 2449 613 2515 μή
647 2455 725 2516 (vs.
755 2457 784 2503 6
811 2465 856 2502 et
884 2456 931 2515 7)
966 2458 1197 2516 apponit1
1184 2456 1356 2501 Marcus
1379 2457 1542 2500 Anton.
1571 2455 1628 2513 7,
1662 2454 1744 2501 40.

164 2541 223 2574 vs.
253 2528 281 2574 6
317 2528 433 2572 idem
462 2527 550 2585 11,
589 2527 632 2573 6.
683 2541 744 2571 vs.
774 2526 802 2572 9
839 2527 1001 2571 habent
1037 2525 1304 2571 Stob.F10r
1333 2525 1424 2582 29,
1453 2525 1518 2571 56
1550 2532 1594 2570 et
1627 2523 1743 2568 Plut.

160 2597 269 2643 Mor.
298 2612 342 2658 p.
373 2596 470 2642 117
493 2596 537 2640 D.
583 2611 645 2641 vs.
677 2596 704 2641 1
740 2590 895 2640 ταῦτα
920 2609 1000 2654 μοι
1029 2595 1175 2641 Valck.
1227 2609 1290 2642 vs.
1323 2595 1351 2640 2
1387 2587 1446 2638 οὐ
1471 2594 1615 2638 πονεῖ
1635 2589 1746 2652 βρο-

161 2661 283 2743 των]
310 2657 400 2711 οὐκ
426 2653 500 2710 αεὶ
527 2666 670 2710 πονεῖ
693 2665 817 2711 Stob.
867 2680 931 2710 vs.
958 2665 987 2711 3
1014 2660 1209 2727 κτᾶται]
1236 2663 1418 2724 σπείρει
1444 2664 1576 2709 Clem.
1619 2678 1685 2708 v.s
1713 2663 1743 2710 8

159 2726 282 2794 οἱπερ
308 2727 399 2795 χρὴ
423 2735 529 2780 Lud.
559 2750 582 2780 a
608 2735 754 2796 Sybel.
791 2736 944 2780 Latine
970 2734 1117 2780 locum
1143 2735 1333 2781 reddidit
1359 2734 1508 2779 Cicero
1536 2735 1665 2779 Tusc.
1695 2732 1743 2790 3,

162 2804 255 2863 25,
283 2805 371 2852 59;
409 2805 682 2851 Carneades
715 2831 781 2836 —
817 2805 1171 2863 reprehendere
1207 2805 1518 2864 Chrysippum
1565 2804 1745 2848 solebat

161 2876 429 2921 laudantem
456 2877 765 2934 Euripideum
793 2888 986 2921 carmen
1013 2877 1150 2934 illud,
