2077 3139
717 118 1083 161 ΧΡΤΣῙΠΠΟΣ
1496 161 1498 163 ,
1592 113 1696 165 235

114 270 166 312 ut
205 264 458 310 muliebres
494 275 680 308 amores
720 265 927 308 omittam
963 286 1032 294 —
1069 264 1173 320 quis
1219 266 1302 306 aut
1346 262 1402 305 de
1439 260 1697 318 Ganymedi

113 339 260 392 raptu
302 335 480 380 dubztat
515 334 628 392 qued
655 338 825 390 poetae
861 333 1023 382 velint,
1065 336 1148 376 aut
1183 345 1275 375 non
1321 332 1543 389 i'nlelleyzt
1587 330 1698 387 quzd

113 406 246 462 apud
278 405 554 462 Euripidem
590 407 634 447 et
666 404 894 460 loquatur
918 407 961 445 et
996 403 1158 476 cupzat
1183 400 1361 445 Laius?
1410 399 1617 444 Aelianus
1644 399 1694 443 V.

113 474 164 518 H.
195 473 249 532 2,
279 473 367 518 21:
409 464 504 531 ἤρα
530 465 607 531 δέ,
635 468 779 530 φασί,
816 467 902 514 τοῦ
927 459 1080 513 αυτοῦ
1109 457 1393 544 Ἀγαθωνος
1418 460 1587 512 τούτου
1612 463 1695 511 καὶ

112 533 438 601 Εὕριπίδης“
416 557 441 586 ο
465 534 698 599 ποιητής,
732 535 815 583 καὶ
843 529 927 584 τὸν
952 533 1247 596 Χρύσιππον
1282 529 1336 582 τὸ
1365 534 1525 597 δρᾶμα
1562 525 1695 599 αυτῷ

114 606 425 672 χαριζόμενος
469 607 654 671 λέγεται
701 605 1058 668 διαφροντίσαι.
1120 608 1363 668 disputavit
1406 608 1459 652 de
1502 608 1584 653 hac
1636 607 1696 652 sa-

112 683 218 728 bula
245 682 386 727 Valck.
414 681 547 726 Diatr.
588 696 627 726 c.
656 680 722 725 111
775 681 1051 755 Musgravius
1087 679 1175 723 huc
1209 678 1385 723 rettulit
1423 677 1569 722 locum
1595 677 1697 721 Plu-

114 752 257 798 tarchi
283 751 390 796 Mor.
427 767 470 811 p.
489 750 672 832 575OB·
709 746 755 793 τί
787 763 879 793 ουκ
920 765 984 793 αν
1018 764 1088 802 τις
1120 739 1519 811 προσδοκήσειεν,
1549 742 1592 790 εἰ
1614 741 1693 790 καὶ

112 817 439 882 Πρωτογένης
484 815 624 877 ἔρωτι
667 812 956 878 πολεμήσων
996 812 1255 875 πάρεστιν,
1301 811 1338 880 ᾧ
1384 811 1467 862 καὶ
1522 808 1696 861 παιδιὰ

112 890 246 937 πᾶσα
270 886 353 935 καὶ
379 880 568 948 σπουδὴ
607 884 716 946 περὶ
744 884 894 944 ἔρωτα
920 884 1005 933 καὶ
1033 880 1102 933 δι’
1132 883 1323 947 ἔρωτος,
1351 879 1482 947 λήθη
1509 881 1597 946 μὲν
1624 879 1697 930 λό-

112 976 228 1022 γων,
251 952 399 1042 ληθη
427 954 478 1005 δὲ
503 952 714 1020 πάτρας,
751 949 838 1017 οὐχ
866 948 929 1015 ὡς
955 957 1024 1025 τῷ
1050 955 1200 1020 Λαΐῳ
1227 952 1370 1002 πέντε
1405 949 1556 1018 μόνον
1581 949 1696 1017 ἡμε-

113 1029 224 1093 ρῶν
240 1020 330 1076 ἆπε
311 1027 467 1091 ἔχοντι
493 1029 578 1089 τῆς
603 1025 847 1090 πατρίδος.

279 1277 419 1326 Γαῖα
449 1275 673 1341 μεγίστη
704 1270 795 1324 καὶ
825 1265 958 1333 Διὸς
989 1264 1196 1339 Αἰθήρ,

282 1350 312 1408 ὃ
341 1353 441 1425 μὲν
472 1350 788 1423 ἀνθρώπων
819 1352 908 1406 καὶ
938 1354 1090 1407 θεῶν
1120 1351 1375 1422 γενέτωρ,

279 1433 315 1507 ἣ
346 1433 400 1492 δ’
432 1434 768 1508 ὖγροβόλους
800 1433 1066 1505 σταγόνας
1097 1440 1280 1498 νοτίας

281 1521 698 1591 παραδεξαμένη
727 1525 893 1575 τίκτει
922 1516 1179 1589 θνητούς,

279 1610 445 1660 τίκτει
475 1605 536 1660 δὲ
567 1603 740 1674 βορὰν
770 1600 918 1674 φῦλά
947 1624 1005 1657 τε
1034 1606 1252 1673 θηρῶν·
1545 1616 1573 1658 5

279 1685 415 1744 ὅθεν
445 1684 544 1743 οὐκ
574 1685 777 1752 ἀδίκως

279 1770 453 1843 μήτηρ
485 1771 705 1827 πάντων
734 1768 1059 1842 νενόμισται.

279 1868 448 1927 χωρεῖ
475 1853 527 1910 δ’
562 1853 736 1910 ὀπίσω

279 1939 345 1994 τὰ
374 1939 475 2010 μὲν
508 1941 566 1994 ἐκ
596 1944 752 2009 γαίας
783 1935 938 2007 φύντ’
975 1942 1049 2001 εἰς
1080 1949 1263 2008 γαῖαν,

278 2021 344 2078 τὰ
376 2019 427 2077 δ’
460 2020 548 2077 ἀπ’
585 2027 837 2093 αἰθερίου
867 2019 1171 2091 βλαστόντα
1200 2022 1363 2092 γονῆς
1521 2035 1573 2076 10

282 2112 359 2170 εἰς
389 2103 654 2177 οὐράνιον
685 2105 850 2161 πάλιν
879 2097 1019 2176 ἦλθε
1050 2102 1246 2160 πόλον·

278 2190 513 2261 θνήσκει
544 2186 601 2246 δ’
635 2187 801 2246 οὐδὲν
830 2192 940 2245 τῶν
971 2191 1328 2260 γιγνομένων,

282 2271 698 2345 διακρινόμενον
730 2270 783 2329 δ’
817 2271 948 2328 ἄλλο
980 2271 1112 2344 πρὸς
1142 2268 1310 2327 ἄλλου

277 2356 495 2429 μορφὴν
527 2359 716 2429 ετέραν
747 2358 1035 2422 ἐπέδειξεν.

216 2455 376 2500 Sextus
412 2455 576 2513 Empir.
613 2469 655 2513 p.
685 2454 810 2511 751,
850 2453 938 2498 21:
979 2467 1112 2511 παρα
1148 2453 1248 2507 τοῖς
1291 2453 1536 2536 τραγικοῖς
1577 2448 1695 2512 μέλη

111 2518 195 2569 καὶ
233 2517 440 2582 στάσιμα
475 2516 688 2582 φυσικόν
723 2539 876 2567 τινας
858 2518 1088 2581 ἐπέχοντα
1114 2513 1285 2583 λόγον,
1322 2516 1468 2568 ὁποῖα
1502 2518 1597 2567 ἐστι
1633 2540 1693 2568 τα

110 2584 237 2639 οὕτω
265 2587 549 2654 λεγόμενα
564 2587 1103 2653 γαῖα-νενόμισται’
1144 2592 1221 2651 (v.s
1255 2594 1348 2638 1-
1358 2594 1420 2650 7).
1475 2609 1536 2638 vs.
1566 2594 1695 2638 1Ιιι-

109 2664 187 2709 het
212 2665 336 2724 Diog.
361 2665 408 2709 L.
437 2665 492 2722 7,
522 2665 611 2721 60,
656 2678 720 2709 vs.
750 2663 919 2709 8—14
944 2663 1071 2708 Philo
1108 2664 1194 2708 vol.
1224 2663 1251 2707 2
1289 2679 1334 2723 p.
1360 2662 1460 2709 498
1498 2671 1542 2707 et
1577 2663 1694 2721 612,

110 2748 174 2778 vs.
204 2733 388 2779 8—11
417 2734 665 2779 Heraclitus
700 2733 840 2792 Alleg.
881 2732 1006 2778 Hom.
1044 2747 1084 2778 c.
1113 2731 1176 2777 22
1215 2748 1257 2792 p.
1285 2733 1379 2791 47,
1416 2748 1476 2777 vs.
1507 2733 1690 2778 9—11

110 2803 280 2848 Marcus
315 2805 476 2848 Anton.
507 2805 561 2861 7,
599 2803 664 2849 50
700 2812 742 2846 et
778 2803 1049 2848 'themistius
1084 2803 1294 2862 Paraphr.
1323 2803 1507 2847 Aristot.
1548 2802 1636 2847 vol.
1665 2804 1690 2847 1

113 2886 153 2932 p.
182 2871 283 2920 230
308 2888 393 2934 sq.,
430 2888 490 2919 vs.
521 2871 723 2918 12-14
751 2871 876 2918 Philo
913 2872 999 2918 vol.
1030 2872 1057 2917 1
1093 2887 1138 2932 p.
1168 2871 1233 2918 45
1270 2871 1357 2917 vol.
1388 2871 1416 2915 2
1451 2887 1494 2932 p.
1523 2870 1622 2918 488
1651 2878 1691 2916 et
