2077 3139
302 151 406 203 292
894 151 1284 195 INCERTARVM

407 292 530 341 Stob.
557 296 674 341 Flor.
704 295 786 354 99,
816 295 893 343 10.
938 295 1052 340 idem
1079 309 1233 341 versus
1261 303 1381 342 extat
1406 297 1449 342 in
1477 296 1587 343 Men.
1613 310 1733 343 mon.
1764 297 1883 355 316,

302 363 379 411 ubi
404 357 548 410 νόσον
573 365 744 425 aliquot
770 365 868 411 libri
895 365 1127 425 praebent.

1019 499 1149 550 1057

465 590 679 660 μέλλων
709 586 758 645 τ’
798 586 977 660 ἰατρὸς
1007 592 1072 660 τῇ
1103 585 1250 663 νόσῳ
1282 587 1470 654 διδοὺς
1500 587 1699 660 χρόνον

468 669 646 728 ἐάσατ’
679 670 787 745 ἤδη
818 675 1024 744 μᾶλλον
1052 669 1085 743 ἢ
1115 671 1292 743 τεμών
1323 670 1472 744 χρόα.

405 768 529 815 Stob.
560 770 679 816 Flor.
713 770 828 829 102,
857 770 904 816 2.

1016 875 1149 927 1058

465 964 532 1022 οὐ
562 964 664 1037 χρή
695 962 814 1022 ποτ’
851 963 1046 1036 ὀρθαῖς
1079 968 1139 1020 ἐν
1169 961 1354 1035 τύχαις
1385 963 1654 1036 βεβηκότα

466 1051 607 1116 ἕξειν
635 1048 731 1106 τὸν
761 1047 928 1105 αὐτὸν
963 1044 1181 1119 δαίμον’
1216 1053 1292 1112 εἰς
1324 1044 1407 1102 ἀεὶ
1441 1054 1651 1105 δοκεῖν·

463 1129 491 1188 ὁ
524 1131 626 1204 γὰρ
657 1131 786 1198 θεός
817 1155 950 1202 πως,
985 1139 1035 1188 ει’
1062 1130 1197 1188 θεόν
1228 1149 1333 1203 σφε
1362 1131 1463 1205 χρὴ
1494 1140 1700 1205 καλεῖν,

465 1216 658 1288 κάμνει
688 1214 869 1284 ξυνών
898 1216 962 1272 τὰ
993 1213 1164 1272 πολλοὶ
1195 1228 1305 1281 τοῖς
1337 1213 1521 1281 αὐτοῖς
1553 1212 1652 1272 οἷεί.

463 1303 687 1372 θνητῶν
721 1301 779 1356 δὲ
808 1298 1011 1372 θνητὸς
1042 1297 1228 1370 ὄλβος·
1261 1303 1318 1355 οἱ
1344 1295 1396 1354 δ’
1428 1298 1772 1373 ὑπέρφρονες
1814 1316 1842 1357 5

462 1387 552 1439 καὶ
582 1387 657 1459 τῷ
687 1383 915 1454 παρόντι
945 1382 1170 1440 τούπιὸν
1201 1381 1552 1455 πιστούμενοι

463 1475 684 1540 ἔλεγχον
716 1474 915 1538 ἔλαβον
944 1471 1038 1538 τῆς
1069 1465 1234 1539 τύχης
1267 1469 1325 1523 ἐν
1354 1472 1428 1541 τῷ
1459 1477 1677 1524 παθεῖν.

398 1564 524 1612 Stob.
563 1565 682 1610 Flor.
716 1565 840 1624 105,
877 1564 922 1611 8.
986 1580 1049 1610 vs.
1089 1565 1116 1610 7
1153 1563 1237 1622 τῆς
1272 1557 1420 1623 τύχης
1455 1565 1535 1610 Th.
1573 1565 1881 1625 Gomperzius,

295 1627 383 1696 τὴν
409 1629 558 1694 τύχην
584 1635 703 1680 libri.

1010 1727 1144 1778 1059

461 1820 653 1889 βέβαια
686 1813 739 1872 δ’
777 1812 959 1881 οὐδεὶς
992 1812 1209 1888 εὐτυχεῖ
1237 1814 1438 1887 θνητὸς
1469 1813 1654 1887 γεγώς.

399 1916 523 1962 stoi).
551 1914 670 1959 Flor.
701 1914 825 1971 105,
862 1912 943 1960 40.
995 1903 1187 1972 εὐτυχεῖ
1216 1901 1399 1972 θνητὸς
1432 1912 1481 1958 F.
1516 1913 1564 1959 G.
1593 1913 1881 1971 Schmidtius‚

294 1976 479 2046 θνητὸς
504 1976 699 2043 εὐτυχεῖ
719 1983 834 2029 libri.

1036 2088 1171 2141 1060

461 2180 664 2252 θνητὸς
694 2178 797 2251 γὰρ
829 2174 908 2234 ω”ν
938 2179 1027 2233 καὶ
1057 2176 1236 2248 θνητοὶ
1268 2184 1558 2234 πείσεσθαι
1590 2176 1763 2234 δόκει·

463 2261 496 2335 ἢ
528 2267 664 2320 θεοῦ
695 2270 820 2334 βίον
850 2265 945 2334 ζῆν
975 2260 1142 2329 ἀξιοῖς
1173 2260 1465 2333 ἄνθρωπος
1498 2260 1611 2326 ὤν;

399 2362 523 2407 Stob.
550 2362 665 2406 Flor.
696 2360 810 2416 108,
842 2362 918 2406 15.

1011 2466 1141 2518 1061

463 2555 684 2612 πάντων
714 2553 935 2627 ἄριστον
965 2554 1036 2626 μὴ
1069 2553 1352 2625 βιάζεσθαι
1382 2553 1572 2626 θεούς,

465 2641 709 2710 στέργειν
742 2640 802 2695 δὲ
832 2652 1056 2711 μοῖραν·
1089 2642 1198 2693 τῶν
1227 2635 1520 2711 ἀμηχάνων
1553 2634 1605 2693 δ’
1641 2642 1772 2707 ἔρως

467 2722 700 2789 πολλοὺς
732 2728 898 2794 ἔθηκε
927 2726 1024 2778 τοῦ
1054 2720 1320 2793 παρόντος
1349 2719 1665 2793 ἆμπλακεϊν.

403 2835 527 2880 Stoh.
552 2834 669 2879 Flor.
699 2833 813 2891 108,
843 2833 921 2879 23.
966 2834 1091 2879 lucus
1118 2833 1322 2878 lemmate
1349 2840 1481 2883 caret,
1510 2831 1586 2877 sed
1611 2837 1727 2877 teste
1753 2830 1877 2877 Gais-

302 2904 430 2950 i'ordo
460 2903 686 2964 ‘Euripidi
715 2903 908 2948 tribuere
935 2903 1137 2948 videtur'
1165 2903 1301 2948 codex·
1325 2902 1450 2948 vind.
