2077 3139
250 107 321 160 64
970 102 1137 146 ΑΤΓΗ

253 244 300 313 (ἡ
337 238 462 308 αὐτὴ
497 249 617 308 libri)
651 243 1087 310 δικαιολογουμένη
1120 239 1242 304 πρὸς
1275 237 1365 298 τὴν
1401 233 1629 303 Ἀθηνᾶν
1662 238 1741 289 ἐπὶ
1775 242 1847 310 τῷ

252 317 561 414 χαλεπαίνειν
604 311 729 383 αυτῇ
764 316 986 365 τετοκυῖα
1027 313 1078 363 ἓν
1117 313 1187 382 τῷ
1232 312 1351 380 ἱερῳ
1394 312 1518 376 λέγει
1562 313 1745 360 σκῦλα
1780 341 1844 347 —

251 384 378 453 ἡγῇ’
383 423 397 448 ,
431 388 589 434 καίτοι
616 385 698 435 καὶ
724 379 783 434 τὰ
805 382 927 434 ἄλλα
954 386 1052 452 ζῷα
1078 381 1129 432 ἐν
1153 387 1254 442 τοῖς
1280 384 1427 445 ἱεροῖς
1452 382 1676 430 τίκτοντα
1701 376 1847 431 οὐδὲν

253 453 392 505 ἆδικε
397 461 431 506 ἶ.
489 461 686 521 Euripidi
713 475 870 506 versus
900 459 1054 504 tribuit
1082 458 1279 504 Grotius.

1000 565 1102 616 269

425 656 577 724 δεινὴ
609 654 763 719 πόλις
792 650 1011 710 νοσοῦσ’
1043 652 1392 723 ἀνευρίσκειν
1423 650 1577 707 κακά.

359 752 485 799 Stob.
515 753 630 798 Flor.
659 752 743 810 43,
774 751 853 797 12.
904 740 1038 808 δεινή
1065 748 1275 794 νοσοῦσα
1300 743 1438 803 πόλις
1465 750 1588 794 malit
1615 748 1661 793 O.
1686 748 1846 793 Hense.

998 871 1105 922 270

424 965 516 1018 καὶ
547 969 852 1033 βουθυτεῖν
883 959 986 1031 γὰρ
1019 958 1203 1030 ἠξίους
1238 958 1370 1030 ἐμὴν
1401 957 1574 1031 χάριν.

360 1061 569 1120 Apollon.
607 1060 660 1104 de
695 1061 810 1103 coni.
850 1073 893 1118 p.
925 1059 1051 1114 514,
1092 1058 1152 1102 11
1190 1057 1243 1101 de
1270 1058 1521 1102 accusativo
1548 1069 1718 1146 χαρζιιε
1745 1042 1851 1098 ὄνο-

257 1145 461 1189 ματικης
494 1123 764 1184 συντάξεως
799 1123 979 1187 ε’τυχεν.
1027 1121 1077 1171 ἐν
1112 1144 1167 1185 με
1149 1120 1200 1171 ὲν
1233 1141 1324 1187 γαρ
1353 1122 1649 1185 Κρήσσαις
1664 1113 1759 1185 ἔγῶ
1784 1149 1849 1157 -

258 1198 565 1244 καταντενῶ’
594 1194 676 1243 καὶ
705 1194 757 1244 ἐν
784 1191 975 1261 Αὐγῃ(
992 1192 1074 1241 καὶ
1100 1195 1370 1256 βουθυτεῖν
1398 1221 1460 1228 -
1488 1188 1675 1256 χάρινῆ

1005 1318 1106 1369 271

409 1412 624 1478 ’Έρωτα
659 1406 705 1464 δ’
741 1405 888 1473 ὅστις
917 1407 991 1480 μὴ
1021 1405 1159 1464 θεὸν
1189 1413 1363 1478 κρίνει
1393 1410 1564 1478 μέγαν

427 1497 517 1550 καὶ
548 1497 658 1550 τῶν
687 1488 947 1548 ἁπάντων
978 1490 1258 1563 δαιμόνων
1286 1489 1613 1559 ὑπέρτατον,

427 1574 462 1648 ἢ
494 1575 682 1642 σκαιός
716 1579 863 1632 ἐστιν
894 1571 927 1646 ἢ
958 1578 1141 1632 καλῶν
1171 1573 1393 1642 ἄπειρος
1426 1571 1503 1629 ὧν

429 1658 531 1718 οὐκ
562 1661 679 1718 οἶδε
709 1659 805 1716 τὸν
834 1662 1090 1731 μέγιστον
1120 1657 1439 1729 ἀνθρώποις
1469 1659 1619 1713 θεόν.

367 1758 490 1808 Stob,
518 1758 639 1803 Flor.
670 1759 761 1815 63,
791 1759 868 1802 11.
921 1772 983 1801 vs.
1015 1758 1040 1801 1
1072 1757 1101 1802 3
1128 1756 1160 1801 4
1196 1757 1325 1801 aII‘ert
1352 1756 1453 1800 Ath.
1482 1755 1571 1799 xm
1606 1769 1650 1814 p.
1681 1753 1782 1800 600
1806 1753 1851 1797 D.

261 1829 417 1875 LatIne
451 1828 600 1874 locum
637 1829 859 1888 expressit
891 1827 1106 1872 Caecilius
1143 1825 1311 1871 Statius
1355 1823 1492 1885 (Com.
1523 1825 1613 1869 Lat.
1642 1822 1852 1868 Ribbeck.

263 1915 306 1959 p.
326 1898 408 1956 65)
437 1913 505 1958 ap.
533 1898 620 1944 Cic.
654 1899 785 1943 Tusc.
811 1897 862 1953 4,
889 1896 974 1952 32,
1004 1896 1092 1942 68:
1168 1888 1468 1958 .[Amorem]
1498 1897 1634 1940 deum
1659 1896 1742 1953 qui
1763 1907 1853 1938 non

262 1982 488 2014 summum
507 1974 667 2026 putet,
708 1975 791 2012 aut
819 1969 1010 2012 stultum
1037 1972 1120 2012 aut
1145 1979 1306 2011 rerum
1335 1979 1437 2011 esse
1461 1967 1727 2022 imperitum
1753 1966 1855 2008 exi-

264 2046 430 2084 stumo.
479 2053 542 2082 vs.
581 2039 606 2082 1
645 2028 764 2080 θεὸν
801 2051 910 2090 lom
915 2050 954 2080 ει
990 2051 1044 2094 με
1029 2031 1166 2097 ἐγαν]
1211 2030 1362 2093 μόνον
1400 2031 1555 2094 κρίνει
1595 2025 1718 2077 θεόν
1755 2033 1853 2077 Ath.

264 2124 327 2153 ss.
354 2108 385 2153 4
410 2096 501 2152 οὐκ
528 2099 659 2151 οἷὸει
686 2097 799 2153 ὀΜνθ
828 2101 1033 2166 ἥδιστον
1062 2105 1321 2150 Meinekius.

1009 2225 1112 2277 272

433 2315 498 2372 οὐ
528 2319 638 2372 τῶν
669 2314 993 2389 κακούργων
1025 2315 1218 2383 οἶκτος,
1252 2312 1388 2369 ἄλλα
1420 2316 1512 2384 τῆς
1546 2319 1715 2384 δίκης.

371 2413 494 2460 Stob.
521 2415 635 2460 flor.
664 2414 748 2472 46,
778 2415 824 2460 9.
878 2405 1010 2468 οἶκος
1037 2413 1237 2458 Botths.

1010 2519 1113 2570 273

435 2609 641 2681 πτηνάς
675 2608 906 2679 διώκεις,
939 2601 980 2663 ὦ
1011 2611 1205 2664 τέκνον
1235 2608 1329 2672 τὰς
1363 2609 1587 2670 ἐλπίδας

434 2691 533 2764 οὐχ
562 2692 595 2765 ἡ
625 2691 759 2765 τύχη
791 2709 878 2762 γε·
912 2698 1004 2762 τῆς
1035 2691 1198 2763 τύχης
1234 2688 1278 2747 δ’
1312 2688 1411 2762 οὐχ
1443 2686 1520 2753 εἷς
1550 2686 1761 2758 τρόπος.

374 2791 499 2836 Stoh.
522 2791 643 2836 FIor.
670 2791 785 2847 111,
803 2793 853 2834 1:
880 2779 1157 2848 Εὐριπίδου
1181 2780 1353 2848 Αὖγῆς
1379 2782 1465 2842 (sic
1491 2786 1638 2842 vind„
1673 2779 1858 2846 Αἰγέως

268 2860 330 2918 Α,
368 2861 454 2906 fab.
489 2874 650 2906 nomen
693 2874 777 2906 om.
814 2858 883 2918 M).
946 2849 1162 2918 επτηνᾶς
1200 2884 1258 2890 -
1300 2849 1523 2917 τρόπος’.
1584 2871 1645 2900 vs.
1692 2855 1720 2900 2
1766 2850 1858 2915 ἔχει
