2077 3139
289 88 357 142 82
986 91 1192 134 AANAH

289 249 421 280 senus
449 234 588 295 Epm
622 234 682 279 11
713 235 755 279 in
784 233 981 280 Galland1
1020 234 1274 280 Bibl.Pat1-.
1309 234 1395 281 v.01
1424 236 1452 282 6
1480 251 1524 296 p.
1552 236 1651 283 614
1677 237 1730 284 C:
1765 224 1870 283 ἀλλ’

288 295 314 350 ὃ
339 299 518 359 παντὸς
555 298 767 350 πλούτου
806 305 903 358 τοῖς
937 317 996 364 γε
1031 302 1151 348 νοῦν
1188 299 1381 363 ἔχουσιν
1415 297 1724 365 ὖψηλότερόν
1761 302 1871 367 ἐστι,

286 367 340 420 τὸ
376 364 631 419 καλλιστον
665 389 724 420 οι
727 389 817 428 τως
854 369 1059 433 δεξίωμα
1095 367 1218 418 κατὰ
1247 371 1525 436 Πίνδαρον,
1559 367 1617 421 τὰ
1651 371 1715 422 σά
1745 392 1872 438 φημι

283 460 552 507 ᾹῙραμμαῖα.

1021 522 1121 575 327

453 620 723 684 κρείσσων
752 610 856 684 γὰρ
887 609 1034 678 οὔτις
1065 610 1354 685 χρημάτων
1384 611 1587 685 πέφυκ’
1624 612 1783 686 ἀνήρ,

452 696 595 769 πλὴν
628 706 810 762 εἴτις·
843 693 988 762 ὅστις
1021 694 1072 752 δ’
1107 688 1264 762 οὗτός
1300 699 1444 752 ἐστιν
1474 695 1574 770 οὐχ
1603 694 1727 768 ὁρῶ.

388 795 510 842 Stob.
550 794 668 841 Flor.
707 795 798 852 10,
843 794 919 841 18.
985 808 1045 839 vs.
1086 792 1115 838 2
1160 783 1230 848 εἷς
1273 809 1345 848 τις
1386 794 1572 841 Porson.
1641 786 1733 840 οὐκ
1775 789 1869 857 ἐρῶ

282 866 483 912 Badham.

1017 941 1119 994 328

447 1025 536 1103 ἆρ’
570 1031 716 1090 οἶσθ’
752 1028 1005 1103 ὁθούνεχ’
1043 1035 1097 1087 οἱ
1123 1031 1222 1103 μὲν
1254 1027 1497 1102 εὐγενεῖς
1528 1036 1742 1106 βροτῶν

446 1121 671 1189 πένητες
700 1114 851 1180 ὄντες
881 1113 1048 1172 οὐδὲν
1077 1113 1384 1186 ἆλφάνουσ’
1423 1121 1517 1186 ἔτι,

445 1209 500 1259 οἳ
531 1199 582 1257 δ’
617 1199 785 1257 οὐδὲν
815 1192 954 1271 ἦσαν
986 1197 1251 1273 πρόσθεν,
1286 1198 1462 1270 ὄλβιοι
1496 1200 1554 1255 δὲ
1588 1204 1709 1271 νῦν,

446 1287 612 1352 δόξαν
645 1286 907 1357 φέρονται
934 1288 1030 1340 τοῦ
1063 1289 1391 1355 νομίσματος
1421 1281 1582 1356 χάριν

442 1372 533 1426 καὶ
564 1371 963 1441 συμπλέκοντες
988 1368 1198 1438 σπέρμα
1222 1368 1312 1422 καὶ
1342 1365 1547 1439 γάμους
1570 1368 1805 1436 τέκνων;
1834 1385 1862 1425 5

441 1458 637 1511 δοῦναι
670 1453 730 1509 δὲ
759 1456 861 1517 πᾶς
891 1475 970 1516 τις
999 1455 1206 1523 μᾶλλον
1235 1449 1403 1526 ὀλβίςο
1436 1456 1582 1523 κακῷ

441 1535 731 1609 πρόθυμός
764 1539 910 1592 ἐστιν
941 1532 973 1605 ἢ
1004 1537 1192 1606 πένητι
1225 1531 1480 1609 κάγαθῷ·

441 1622 603 1687 κακὸς
636 1619 686 1677 δ’
722 1618 750 1676 ὁ
781 1618 853 1692 μὴ
887 1626 1044 1692 ἔχων,
1077 1623 1133 1674 οἱ
1160 1615 1213 1674 δ’
1247 1626 1458 1691 ἔχοντες
1488 1615 1680 1690 ὄλβιοι.

376 1719 498 1765 Stob.
535 1720 653 1764 Flor.
691 1718 782 1776 91,
819 1718 882 1764 ‘23
919 1726 963 1763 et
999 1716 1095 1774 92,
1134 1716 1177 1763 6.
1247 1731 1308 1762 vs.
1345 1716 1375 1763 8
1419 1707 1600 1778 ὄλβιοι]
1645 1708 1857 1778 εὐγενεῖς

271 1789 319 1837 0.
347 1790 507 1836 Hense.

1018 1851 1120 1904 329

436 1948 658 2016 φιλοῦσι
688 1941 791 2015 γάρ
823 1966 903 1998 τοι
933 1945 1042 1998 τῶν
1071 1965 1171 2013 μεν
1200 1939 1405 2012 ὀλβίων
1433 1942 1619 2013 βροτοὶ

437 2046 642 2099 σοφους
668 2026 922 2099 ἡγεῖσθαι
951 2025 1076 2091 τοὺς
1109 2023 1321 2096 λόγους,
1355 2048 1488 2080 οταν
1519 2028 1584 2080 δέ
1609 2047 1687 2089 τις

436 2114 648 2167 λεπτων
677 2108 773 2167 ἀπ’
807 2119 975 2166 οικων
1005 2133 1066 2165 ευ
1097 2111 1226 2181 λέγῃ
1258 2110 1424 2178 πένης
1455 2106 1614 2178 ἀνήρ,

435 2201 626 2267 γελᾶν·
661 2195 764 2266 ἐγώ
798 2195 857 2250 δε
888 2191 1144 2258 πολλάκις
1175 2194 1519 2263 σοφωτέρους

434 2280 668 2350 πένητας
698 2277 903 2349 ἄνδρας
935 2283 1128 2349 εἰσορῶ
1159 2279 1268 2332 τῶν
1297 2282 1577 2332 πλουσίων
1740 2294 1767 2334 5

434 2365 525 2418 καὶ
556 2373 735 2420 θεοῖσι
765 2359 930 2434 μικροὶ
960 2363 1097 2434 χειρὶ
1130 2358 1368 2425 θύοντας
1397 2361 1524 2430 τέλη

432 2449 542 2503 τῶν
571 2445 999 2517 βουθυτούντων
1028 2445 1188 2510 ὄντας
1219 2440 1651 2515 εὐσεβεστέρους.

369 2544 491 2590 Stob.
532 2544 648 2590 Flor.
687 2544 778 2601 97,
819 2543 896 2588 14.
958 2558 1020 2588 vs.
1057 2541 1086 2588 2
1121 2532 1379 2604 ἡγεῖσθαι]
1417 2538 1647 2585 τίθεσθαι
1682 2541 1845 2599 Valck.‚

265 2606 473 2675 ἄγεσθαι
499 2615 767 2673 Conington.
819 2628 879 2658 vs.
911 2614 937 2660 6
966 2621 1010 2658 et
1038 2614 1065 2659 7
1106 2612 1235 2658 affert
1268 2613 1368 2656 Ath.
1400 2611 1434 2656 11
1467 2625 1511 2670 p.
1539 2609 1607 2658 40
1630 2611 1688 2670 D,
1724 2626 1784 2656 vs.
1814 2611 1844 2659 6

264 2685 388 2732 Eust.
416 2686 463 2731 ιι.
491 2699 534 2745 p.
563 2683 681 2742 892,
708 2683 787 2730 39.

1008 2761 1111 2813 330

429 2848 574 2918 ὅστις
608 2849 806 2925 δόμους
836 2851 936 2924 μὲν
966 2848 1154 2922 ἣδεται
1184 2852 1611 2923 πληρουμένους,
