2077 3139
791 112 1110 154 οΙΝοΜΑοΣ
1647 115 1746 168 153

159 248 308 296 ταῦτα
334 237 359 296 ὅ
388 244 628 312 Οἰνόμαος
654 247 736 296 καὶ
763 245 1051 312 Χρύσιππος
1085 249 1168 298 καὶ
1195 248 1408 309 σώζεται.
1459 258 1622 319 quibus
1649 274 1744 305 ver-

157 321 226 367 bis
253 324 452 381 quamvis
480 325 697 368 truncans
724 324 808 369 hoc
835 331 956 370 certe
983 325 1213 384 docemur,
1233 326 1503 373 Oenomaum
1530 343 1617 374 una
1645 343 1744 375 cum

159 390 406 452 Chrysippo
435 399 476 436 et
504 393 762 437 Phoenissis
790 401 931 439 actam
959 408 1084 451 esse3
1111 395 1393 442 Nausicrates
1421 399 1588 443 archon
1615 399 1743 459 igno-

159 466 245 505 tus.
297 462 350 506 de
377 462 531 521 mytho
557 462 655 505 vide
681 461 839 521 Hygin.
870 463 954 508 sab.
984 463 1050 510 84
1079 464 1227 510 Schol.
1256 466 1305 510 ll.
1334 467 1380 524 Β,
1413 467 1510 514 104
1537 468 1592 513 al.

897 599 1000 650 575

321 682 579 756 ἀμηχανῶ
613 682 662 740 δ’
700 691 870 757 ἔγωγε
900 686 1037 743 κούκ
1069 693 1172 760 ε’χω
1202 699 1427 762 μαθεῖν,

323 767 419 824 εἴτ’
455 769 556 823 οὐν
587 768 813 840 ἄμεινόν
845 773 956 825 ἐστι
987 778 1279 842 γίγνεσθαι
1308 777 1470 830 τέκνα

319 860 652 950 θνητοῖσιν,
661 851 758 908 εἷ”τ
795 853 1002 910 ἄπαιδα
1034 862 1386 928 καρποῦσθαι
1417 863 1557 928 βί.ον

319 932 429 1005 ὁρῶ
460 959 563 1006 γαρ
595 932 675 1001 οἷς
705 937 804 1003 μὲν
835 936 937 992 οὐκ
970 944 1201 1011 ἔφυσαν,
1234 938 1488 1006 ἀθλίους·

317 1014 491 1074 όσοισι
525 1015 577 1074 δ’
613 1025 771 1090 εἰσίν,
803 1019 970 1077 οὐδὲν
1002 1019 1437 1095 ευτυχεστέρους.
1631 1042 1658 1083 5

317 1103 408 1156 καὶ
441 1125 543 1173 γαρ
576 1105 730 1158 κακοὶ
762 1109 993 1175 γεγῶτες
1026 1109 1248 1178 ἐχθίστη
1278 1106 1459 1177 νόσος,

318 1207 420 1239 καν
452 1187 519 1240 αὐ
550 1188 816 1256 γένωνται
848 1187 1158 1260 σώφρονες,
1191 1191 1359 1247 κακὸν
1388 1194 1543 1263 μέγα,

317 1272 551 1324 λυποῦσι
581 1270 676 1325 τὸν
707 1269 962 1341 φύσαντα
992 1273 1065 1345 μὴ
1097 1272 1326 1330 παθωσί
1348 1299 1414 1332 τι.

255 1363 381 1410 8ῑο1).
407 1365 524 1410 Flor.
556 1367 638 1424 76,
666 1366 713 1413 2.
765 1383 829 1441 ys·
857 1370 886 1416 6
914 1363 1086 1430 ἐσχάτη
1113 1371 1274 1417 malim.

892 1490 994 1542 576

317 1576 377 1630 ἕν
410 1578 521 1632 ἐστι
551 1598 774 1634 παντων
804 1584 1021 1650 πρῶτον
1053 1583 1259 1638 εἰδέναι
1295 1590 1466 1655 τουτί,

316 1661 506 1758 φέρειν
536 1684 600 1715 τα
631 1667 1009 1734 συμπίπτοντα
1038 1663 1110 1736 μὴ
1140 1666 1500 1738 παλιγκότως

314 1741 506 1813 χοὺτός
537 1742 587 1814 γ’
624 1740 762 1817 ανὴρ
794 1743 1010 1819 ἄριστος
1042 1752 1102 1803 αἴ
1127 1771 1185 1804 τε
1216 1752 1496 1823 συμφοραὶ

313 1842 483 1895 ησσον
517 1825 831 1885 δάκνουσιν
894 1827 1030 1886 αλλὰ
1065 1836 1235 1889 ταῦτα
1264 1858 1368 1905 γαρ
1399 1836 1614 1905 λέγειν

315 1909 718 1983 ἐπισταμεσθα,
754 1915 892 1985 δραν
925 1913 976 1969 6'
1011 1939 1299 1988 αμηχανως
1331 1925 1452 1990 ἔ.χει
1626 1937 1652 1974 5

250 2004 374 2050 Stob.
403 2005 523 2053 Flor.
553 2008 636 2067 99,
664 2009 710 2056 8.
747 2025 807 2056 vs.
827 2011 852 2056 1
882 2007 1034 2073 τουτί]
1064 2006 1174 2058 τόδε
1200 2015 1247 2074 Β,
1273 2015 1534 2076 suspicabar
1559 2014 1733 2082 βροτῷ.

888 2132 990 2185 577

311 2212 431 2272 ἀλλ’
467 2223 576 2274 ἔστι
606 2218 710 2291 γὰρ
744 2220 811 2291 δὴ
852 2222 955 2278 κάν
985 2237 1235 2281 κακοῖσιν
1267 2223 1440 2296 ἡδονὴ

310 2309 536 2371 θνητοῖς
567 2300 798 2375 ὀδυρμοὶ
831 2305 1087 2375 δακρύων
1117 2307 1165 2363 τ’
1202 2311 1477 2379 ἐπιρροαί·

310 2381 616 2455 ἀλγηδόνας
649 2387 708 2442 δὲ
738 2393 908 2444 ταῦτα
938 2396 1185 2461 κουφίζει
1215 2397 1438 2464 φρενῶν

310 2469 401 2522 καὶ
433 2472 661 2541 καρδίας
693 2476 856 2527 ἔλυσε
886 2473 1010 2538 τοὺς
1043 2472 1184 2545 ἄγαν
1213 2473 1433 2541 πόνους.

245 2562 368 2609 Stoh.
397 2564 515 2610 Flor.
547 2565 662 2619 122,
691 2567 737 2612 8.
788 2582 887 2614 cum
916 2586 977 2615 vs.
1009 2572 1033 2616 1
1065 2572 1120 2617 cf.
1150 2573 1263 2618 Men.
1288 2588 1406 2618 mon.
1439 2575 1560 2621 182ε
1600 2571 1731 2620 ἐστιν

140 2646 186 2676 τι
219 2647 313 2676 mxv
348 2635 571 2679 κακοῖσιν
607 2627 789 2695 ἡδονης
823 2635 979 2701 μέρος.
1034 2656 1094 2686 vs.
1133 2641 1161 2686 2
1200 2634 1406 2703 θρηνων
1440 2633 1487 2688 τ’
1528 2636 1729 2705 ὀδυρμοὶ

140 2701 323 2762 Burges.

875 2774 976 2826 578

304 2844 742 2919 τεκμαιρόμεσθα
772 2861 884 2914 τοῖς
915 2854 1149 2923 παροῦσι
1179 2849 1408 2925 τάφανῆ.
