2077 3139
269 149 374 203 296
876 153 1277 198 mCERTARvM

990 292 1118 344 1071

440 377 623 436 ἄλλων
656 379 836 451 ἰατρὸς
869 377 1030 446 αὐτὸς
1062 383 1275 438 ἕλκεσιν
1305 379 1509 455 βρύων.

379 477 536 523 Suidas
565 494 601 524 v.
631 467 944 535 Εὐριπίδειον
980 473 1115 533 ἕποςε
1153 474 1248 538 ἔφη
1274 468 1547 537 Εὐριπίδης
1581 470 1771 526 εἄλλων
1797 507 1859 518 —·

274 538 488 607 βρύων’.
539 549 730 594 eundem
764 563 941 594 versum
970 563 1055 593 orn.
1095 563 1136 608 p.
1165 563 1285 594 nom.
1314 550 1502 595 afferunt
1537 550 1652 595 Plut.
1681 552 1787 596 Mor.
1817 566 1861 611 p.

277 619 339 662 71
364 618 393 662 F
420 633 460 676 p.
490 617 554 664 88
577 619 605 662 D
633 633 674 678 p.
703 618 800 665 481
823 620 860 662 A
885 633 926 678 p.
959 619 1092 665 1110
1113 618 1143 662 Ε
1171 619 1360 665 Galenus
1387 620 1470 665 vol.
1501 620 1528 666 6
1558 635 1599 680 p.
1628 621 1727 669 307
1756 620 1860 678 (vol.

275 687 307 732 4
342 702 383 747 ρ.
413 688 510 734 266
541 688 605 732 ed.
635 689 791 746 Basil.‚
827 689 911 733 xmol
941 689 968 735 6
1005 703 1049 748 p.
1080 689 1176 735 139
1204 688 1370 747 Chart)
1406 688 1525 734 Flor.
1556 690 1722 736 Monac.
1762 690 1861 736 142

275 772 317 816 p.
348 757 471 812 277,
500 757 565 802 24
604 757 726 803 Eust.
755 758 800 803 ll.
839 773 881 818 p.
911 758 1038 815 887,
1075 758 1120 804 5.
1175 759 1230 804 cf.
1273 760 1402 820 Greg
1442 759 1544 803 Naz.
1580 760 1665 807 vol.
1696 761 1721 805 1
1760 775 1803 819 p
1835 760 1862 804 7

277 828 328 872 B:
368 841 396 883 η
435 824 521 884 τῆς
557 825 819 885 παροιμίας
854 819 920 886 μή
957 821 1125 887 πόρρω
1161 825 1375 888 θέωμεν
1412 820 1588 883 αλλους
1623 821 1865 885 ιατρεύειν

278 892 629 957 ἐπιχειροῦντες
664 890 803 942 αὐτοὶ
843 890 1075 956 βρύοντες
1111 892 1283 945 ἕλκεσι.
1345 898 1417 944 ubi
1464 898 1593 944 verba
1632 899 1864 960 Euripidea

277 966 429 1012 attulit
455 967 569 1013 Elias
597 968 822 1013 Cretensis
848 983 890 1028 p.
921 968 983 1014 29
1012 970 1055 1013 B.

996 1075 1131 1126 1072

449 1162 690 1235 εὐφημία
721 1163 824 1235 γὰρ
856 1161 1222 1231 ευκολώτατος
1253 1163 1455 1222 πόνων.

385 1262 565 1307 Suidas:
594 1255 811 1320 εὐφημία
833 1287 896 1294 —-
924 1252 955 1319 ἡ
990 1257 1143 1317 ὅντως
1177 1254 1398 1322 εὐσέβεια
1434 1255 1627 1321 κοῦφόν
1662 1256 1760 1307 ἐστι
1784 1258 1868 1307 καὶ

277 1322 597 1390 σωφροσύνης
621 1321 877 1376 αναπλεων
902 1327 983 1375 καὶ
1021 1345 1194 1387 ηκιστα
1217 1323 1456 1392 ἀλγεινόν,
1507 1323 1751 1392 εευφημία
1775 1323 1868 1392 γὰρ

280 1428 346 1434 ——
372 1394 566 1446 πόνων’
570 1433 584 1460 ,
610 1396 826 1460 ἤκουσας
851 1416 972 1459 που,
1003 1420 1039 1449 ω
1073 1405 1168 1448 παῖ
1193 1389 1504 1462 Ἀρίστωνος,
1542 1398 1624 1447 καὶ
1660 1394 1866 1463 Εὐριπί-

283 1467 392 1516 δου·
431 1461 649 1532 ενφημιά
674 1488 764 1533 γαρ
791 1487 922 1531 παρα
946 1469 1201 1518 σπονδαῖσι
1227 1467 1498 1519 κάλλιστον.

1001 1595 1133 1646 1073

866 1681 1093 1756 ἀρχαῖον
1125 1692 1343 1754 εἴρηκας
1391 1730 1400 1739 .
1448 1727 1461 1740 .

391 1781 575 1827 Suidas:
612 1777 991 1842 παλαιγενές-
1016 1769 1126 1835 τοὺς
1161 1796 1252 1841 γαρ
1289 1771 1489 1855 εὐηθεις
1523 1771 1752 1841 αρχαίους
1785 1774 1869 1825 καὶ

283 1842 552 1906 παλαιοὺς
565 1846 746 1912 ἔλεγον.
789 1877 858 1884 —
901 1847 982 1895 καὶ
1033 1841 1302 1926 Εὐριπίδης
1345 1839 1578 1911 εαρχαῐον
1626 1847 1867 1910 εἶ”.ρηκας

283 1912 392 1965 ἀντὶ
417 1919 504 1966 τοῦ
538 1916 734 1980 εὐήθες.
788 1923 800 1945 “
816 1910 1123 1982 εὐεργετῆσαι
1149 1935 1241 1982 γαρ
1267 1910 1320 1966 τὸ
1344 1913 1466 1980 σῶμ’
1496 1912 1554 1966 οὗ
1589 1914 1869 1981 βούλομαι).

286 1999 481 2036 extrema
510 1992 638 2037 verba
665 2006 763 2037 cum
785 1994 1064 2052 praegressis
1092 2006 1180 2037 non
1209 1992 1466 2050 cohaerent
1487 1991 1603 2036 unde
1629 1991 1758 2038 ducta
1782 1992 1871 2036 sint

285 2061 460 2120 ignoro.

1000 2127 1133 2178 1074

455 2221 627 2274 σῶσαι
658 2213 760 2286 γὰρ
791 2210 997 2272 ὁπόταν
1027 2220 1100 2290 τῷ
1132 2220 1246 2291 θεῷ
1282 2221 1433 2289 δοκῇ,

454 2300 655 2364 πολλὰς
687 2298 986 2371 προφάσεις
1021 2304 1250 2356 δίδωσιν
1281 2306 1355 2366 εἰς
1387 2305 1673 2371 σωτηρίαν.

395 2397 629 2457 Theophil.
666 2397 717 2442 ad
752 2397 903 2443 Autol.
943 2397 999 2456 2,
1036 2397 1065 2443 8
1105 2413 1155 2472 p.
1178 2396 1264 2443 72;
1302 2391 1383 2440 καὶ
1417 2388 1565 2441 παλιν
1600 2385 1872 2454 Εὐριπίδης

289 2463 470 2510 εσῶσαι
510 2491 567 2498 —
611 2463 897 2524 σωτηρίανῆ
956 2482 1018 2512 vs.
1059 2467 1084 2512 1
1132 2456 1317 2511 ὁπόταν
1352 2469 1423 2530 τῷ
1459 2463 1564 2530 θεῷ
1601 2462 1722 2527 δοκῇ
1763 2478 1873 2508 τινα

221 2542 225 2545 ⁴
291 2536 489 2594 Grotius,
516 2549 568 2580 an
596 2525 777 2580 ὁπόται
801 2531 964 2593 ἄνδρα
992 2538 1058 2599 τῷ
1082 2535 1185 2599 θεῷ
1213 2533 1334 2596 δοκῇ
1369 2537 1455 2595 leg.
1469 2537 1487 2582 ¹?
1538 2551 1601 2580 vs.
1632 2534 1661 2580 2
1688 2523 1872 2592 πολλὴν

293 2601 460 2650 ὁίόωσι
485 2598 733 2664 πρόφασιν
760 2607 965 2664 Grotius,
999 2597 1179 2661 πολλας
1208 2598 1358 2665 λαβὰς
1391 2602 1589 2650 ὁίὸωσιν
1614 2603 1871 2662 Meinekius‚

292 2690 375 2735 ego
402 2685 668 2735 προφασεις
693 2666 843 2730 καλὰς
870 2672 1069 2720 ὁίὸωσιι
1098 2676 1378 2736 temptabam.

1004 2798 1136 2849 1075

457 2883 701 2959 ἀνάσχου
735 2885 983 2959 πάσχων·
1019 2889 1166 2959 δρῶν
1197 2884 1299 2958 γὰρ
1332 2892 1554 2958 ἔχαιρες,
