2077 3139
264 122 329 174 78
951 120 1156 162 AANAH

444 331 457 349 ‹
1007 256 1109 309 316

428 340 651 405 αγνίσαι

365 433 578 493 Hesych.:
607 422 828 492 ἁγνίσαι·
857 421 1126 475 ἀποθῦσαι.
1179 426 1446 490 Βουσίριδι.

443 625 456 645 ,
1003 550 1103 602 317

425 627 769 699 ατρεκήσασα

362 726 573 787 llesych.:
609 715 936 786 ατρεκήσασα·
961 713 1357 783 ἆκριβωσαμένη.
1404 711 1680 783 Εὐριπίδης
1724 723 1850 769 Βου-

255 791 415 857 σίριδι.

645 889 980 930 ΓΛΑΤΚΟΣ
1011 902 1053 929 v.
1086 887 1463 929 ΠΟΛΤΙΔΟΣ

936 976 970 1012 Δ
983 972 1172 1012 ANAH

360 1065 683 1121 Argumentum
726 1060 901 1106 fabulae
945 1060 1111 1104 indicat
1153 1059 1370 1134 Ioljannes
1413 1059 1513 1105 Mal.
1554 1060 1718 1119 p.34,
1758 1060 1845 1106 19.

254 1128 366 1207 περὶ
401 1124 463 1193 ἧς
487 1121 832 1209 ἣ’ἐμυθολόγησε
837 1144 864 1172 ν
889 1120 1165 1187 Ευριπίὸης
1203 1117 1227 1172 6
1254 1119 1535 1186 σοφώτατος
1571 1125 1623 1173 ἐν
1648 1127 1706 1192 τῇ
1733 1140 1845 1174 συν·

253 1220 339 1247 τα
319 1209 386 1259 ξζει
419 1201 504 1247 τοῦ
539 1193 693 1246 αὐτοῦ
731 1191 969 1258 ὁράματος
1006 1194 1058 1243 ἐν
1085 1195 1297 1263 κιβωτίῳ
1333 1214 1429 1242 τινι
1466 1196 1738 1259 βληθεῖσαν
1764 1196 1844 1243 καὶ

256 1270 483 1331 ριφεῑσαν
519 1287 609 1329 την
637 1267 869 1331 Δανάην,
907 1259 968 1324 ὡς
994 1269 1275 1328 φθαρεῖσαν
1311 1259 1409 1313 ’ὑπὸ
1451 1262 1568 1324 Διὸς
1606 1286 1660 1330 με
1646 1267 1843 1329 εταβλη-

255 1341 429 1399 θέντος
464 1339 530 1396 εἰς
564 1334 758 1402 χρυσόν.
832 1343 1009 1401 quicum
1048 1338 1253 1385 conseras
1297 1340 1566 1399 hypothesin
1614 1341 1747 1385 huius
1783 1341 1845 1385 sa·

253 1414 385 1459 bulae
420 1416 463 1459 in
498 1413 570 1458 Ps.
584 1411 715 1456 -.Eui·
753 1412 807 1457 fr.
841 1411 970 1456 1117
1009 1411 1200 1455 allatam.
1265 1409 1449 1455 chorum
1494 1409 1704 1454 mulieres
1747 1409 1842 1455 esfi-

254 1484 443 1542 ciebant,
473 1483 516 1528 id
544 1481 662 1542 quod
689 1482 817 1527 docet
843 1480 998 1525 Pollux
1025 1480 1074 1551 4,
1104 1479 1226 1524 111:
1254 1478 1348 1522 τῶν
1374 1474 1425 1523 ὂὲ
1450 1478 1664 1555 χορικῶν
1688 1470 1843 1542 ἆσμα-

251 1569 348 1598 των
377 1552 474 1599 τῶν
501 1548 732 1611 κωμικῶν
758 1547 811 1597 ἓν
835 1567 879 1594 τι
905 1546 987 1594 καὶ
1015 1565 1044 1608 η
1071 1543 1362 1608 παραβασις
1388 1541 1505 1593 όταν
1529 1539 1565 1592 ἁ
1590 1538 1653 1592 ὁ
1641 1540 1844 1607 ποιητής

251 1613 373 1683 πρὸς
399 1618 452 1669 τὸ
491 1617 705 1676 θέατρον
730 1613 955 1681 βούλεται
992 1616 1174 1680 λέγειν,
1204 1609 1229 1664 6
1254 1610 1394 1679 χορὸς
1420 1609 1686 1679 παρελθών
1712 1615 1842 1694 15737.

252 1689 476 1748 ἕπιεικως
513 1683 557 1736 δ
587 1682 705 1736 αυτὸ
731 1689 958 1736 ποιοῦσιν
987 1687 1038 1734 οῖ
1058 1685 1492 1769 κωμῳδοποιηταί,
1532 1680 1764 1750 τραγικόν
1793 1686 1843 1735 ὁὲ

251 1752 342 1808 οὐκ
394 1759 548 1808 ξ’·στιν
604 1751 711 1806 αλλ’
760 1755 1041 1821 Ευριπίὸης
1084 1751 1203 1806 αὐτὸ
1242 1757 1509 1834 πεποίηκεν
1555 1754 1604 1802 ἐν
1647 1759 1842 1815 πολλοῖς

254 1826 506 1910 δράμασιν.
558 1826 609 1876 ἐν
644 1827 732 1892 μέν
767 1847 820 1893 ys
854 1829 913 1894 τῇ
958 1823 1135 1907 Δανάῃ
1168 1820 1253 1874 τὸν
1287 1817 1435 1890 χορὸν
1478 1845 1561 1884 τας
1589 1831 1844 1907 γυναῖκας

251 1895 373 1964 υπέρ
409 1893 562 1948 αυτοῦ
599 1919 643 1947 τι
683 1900 889 1961 ποιήσας
915 1893 1182 1965 παρᾴόειν,
1211 1891 1539 1959 ἐκλαθόμενος
1568 1915 1631 1954 ως
1656 1889 1842 1956 α’νδρας

251 1970 408 2034 λέγειν
445 1969 638 2032 ἐποίησε
677 1970 747 2036 τῷ
780 1965 985 2032 σχήματι
1011 1986 1096 2028 της
1130 1966 1205 2015 λέὲῑ
1184 1985 1295 2026 „scog-
1319 1986 1404 2024 τας
1422 1970 1678 2029 γυναῖκας.
1741 1985 1838 2015 mu-

250 2045 385 2091 lieres
411 2044 464 2088 de
500 2057 548 2088 se
584 2043 780 2088 dicentes
816 2045 882 2087 uti
918 2042 1139 2086 interdum
1176 2055 1342 2100 genere
1378 2040 1625 2085 masculino
1652 2042 1839 2085 notissi-

251 2128 369 2160 mum
397 2121 467 2159 est
493 2113 565 2172 (cs.
595 2113 698 2158 Eur.
729 2112 783 2157 fr.
811 2113 931 2169 417,
959 2111 1033 2168 4),
1072 2110 1274 2170 parabasi
1303 2111 1575 2168 tragicorum
1602 2118 1834 2169 poetarum

251 2197 517 2244 quemquam
556 2197 684 2228 usum
721 2197 820 2227 esse
856 2196 945 2226 non
982 2180 1193 2227 credibile
1229 2180 1415 2225 xidetur.
1487 2194 1537 2224 ex
1574 2180 1655 2225 hac
1692 2179 1839 2224 sabula

249 2255 416 2313 petitos
463 2254 670 2312 suspicor
715 2266 872 2297 versus
917 2251 1215 2310 septendecim
1262 2264 1376 2309 quos
1422 2249 1633 2309 Sophocli
1683 2249 1839 2295 tribuit

249 2323 467 2369 Stobaeus
494 2323 611 2368 Fior.
643 2322 724 2382 63,
754 2323 806 2369 6:
834 2321 930 2366 vide
958 2321 1092 2381 Soph.
1122 2320 1173 2365 fr.
1203 2320 1321 2367 856.

991 2441 1093 2494 318

414 2531 597 2604 γύναι,
629 2537 794 2603 φίλον
823 2532 923 2603 μὲν
953 2534 1152 2603 φέγγος
1184 2530 1340 2602 ἡλίου
1371 2528 1514 2600 τόδε,

414 2615 582 2672 καλὸν
616 2616 673 2671 δὲ
704 2614 907 2671 πόντου
939 2614 1084 2687 χεῦμ’
1122 2620 1264 2672 ἰδεῖν
1295 2611 1583 2684 εὐήνεμον,

413 2703 485 2771 γῆ
513 2696 563 2756 τ’
598 2697 790 2770 ἠρινὸν
818 2697 1105 2756 θάλλουσα
1136 2696 1399 2754 πλούσιόν
1427 2693 1491 2753 θ’
1523 2693 1696 2767 ὕδωρ,

415 2788 633 2840 πολλῶν
661 2781 709 2838 τ’
746 2790 973 2838 ἔπαινον
1004 2788 1118 2838 ἔστι
1147 2806 1237 2854 μοι
1269 2783 1416 2848 λέξαι
1446 2782 1653 2835 καλῶν·

413 2864 536 2923 ἀλλ’
570 2863 738 2922 οὐδὲν
767 2863 910 2922 οὕτω
943 2865 1191 2938 λαμπρὸν
1221 2861 1344 2922 οὐδ’
1380 2868 1523 2920 ἰδεῖν
1553 2860 1721 2920 καλὸν
1803 2877 1830 2918 5
