2077 3139
268 121 335 174 68
877 123 1037 164 ΛΤΤΟ
1043 123 1255 164 ΛΤΙὊΣ

374 267 474 311 Ath.
512 266 547 311 X
582 281 623 325 p.
659 265 760 314 413
798 266 852 312 C:
887 259 1064 320 πάντες
1097 254 1191 340 γὰρ
1225 262 1277 310 οἱ
1305 253 1574 321 ἀθλοῦντες
1608 280 1727 325 μετα
1758 263 1858 311 τῶν

267 328 619 396 γυμνασμάτων
652 331 734 381 καὶ
771 330 956 381 ἐσθίειν
988 324 1142 380 πολλα
1177 327 1512 380 διδάσκονται·
1544 328 1617 381 διὸ
1642 331 1724 380 καὶ
1754 327 1854 380 Εὐ-

268 402 463 482 ριπίὸης
498 400 549 450 ἐν
584 403 656 470 τῷ
685 401 862 483 πρώτῳ
897 394 1169 469 Αυτολύκῳ
1205 401 1378 466 λέγει(
1391 403 1556 450 κακῶν
1592 432 1655 439 -
1690 397 1854 450 καλά’.

268 463 401 519 ταῦτ’
442 456 647 534 εἴληφεν
681 464 706 521 ὃ
742 465 1019 535 Ευριπίὸης
1063 470 1115 519 ἐκ
1148 473 1248 520 τῶν
1283 474 1368 520 τοῦ
1403 475 1720 534 Κολοφωνίου
1765 470 1858 520 ἐλε-

268 543 414 606 γειῶν
441 539 755 603 Ξενοφανους
782 547 956 606 (Bergk
972 547 1073 606 Lyr.
1099 561 1140 605 p.
1158 545 1290 603 357).
1326 561 1390 591 vs.
1423 547 1517 591 1-—
1525 547 1553 593 9
1582 555 1627 592 et
1655 545 1856 593 16-22

269 615 397 660 affert
423 615 616 661 Galenus
644 617 727 661 vol.
761 619 785 661 1
816 631 860 676 p.
890 616 954 662 23
982 630 1083 676 sqq.
1113 615 1217 670 (vol.
1251 617 1277 661 1
1306 632 1349 676 p.
1377 617 1408 661 4
1436 618 1502 661 ed.
1530 616 1682 674 Basil.‚
1710 616 1797 661 vol.
1827 615 1856 660 2

269 701 311 744 p.
345 687 408 732 10
433 686 617 744 Chart.)‚
644 701 705 730 vs.
738 688 762 730 1
793 694 837 730 et
865 685 892 730 2
921 687 1045 731 Eust.
1073 686 1120 730 ll.
1149 700 1191 745 p.
1223 685 1382 744 1299,
1411 685 1503 745 20,
1549 702 1610 732 vs.
1641 686 1702 732 12
1732 687 1857 746 Diog.

267 756 315 798 L.
346 756 392 814 1,
420 756 503 814 56,
540 771 601 801 vs.
633 756 695 802 19
724 771 791 815 sq.
822 748 1019 815 (πότερα
1046 781 1108 787 —-
1138 751 1340 815 ἔχοντες)
1368 759 1530 802 iterum
1557 757 1747 802 Galenus
1773 757 1857 802 vol.

272 826 298 870 1
337 840 379 885 p.
409 825 472 871 33
501 826 604 882 (xol
637 828 660 870 1
700 842 741 886 p.
771 825 897 871 5ecl.
927 826 1083 882 Basti„
1120 826 1206 870 vol.
1237 825 1264 870 2
1302 842 1345 886 p.
1379 826 1440 872 13
1470 840 1538 887 sq.
1569 826 1757 884 Chart.,)
1796 840 1856 871 vs.

270 894 333 969 22
361 895 478 939 Plut.
510 897 616 940 Mor.
647 911 690 955 p.
719 896 817 942 581
846 897 875 940 F
904 911 946 956 p.
976 896 1118 942 8Ο3Β
1145 894 1337 941 Galenus
1365 896 1450 941 vul.
1482 898 1507 941 1
1537 912 1581 956 p.
1610 896 1692 942 33.
1744 911 1804 941 vs.
1830 897 1856 941 1

268 954 360 1024 γὰρ
386 957 564 1040 ὄντων]
604 979 658 1025 γε
687 957 845 1010 ὄντων
871 966 995 1024 Ath„
1023 966 1139 1010 unde
1163 956 1386 1044 γεγώτων
1412 967 1682 1041 scripserim.
1735 981 1799 1011 vs.
1828 966 1857 1011 5

269 1026 550 1110 ἡσσώμενος
594 1036 938 1081 Herw-erdenus
1013 1050 1076 1080 vs.
1123 1035 1152 1082 6
1195 1025 1513 1094 ὑπεκτροφήν
1558 1035 1650 1082 Gal.
1722 1051 1784 1081 vs.
1829 1036 1857 1081 7

267 1093 617 1164 κάξυπηρετεῖν
653 1104 745 1151 Gal.
817 1121 877 1150 vs.
917 1104 980 1150 14
1017 1097 1281 1164 συλλόγους
1320 1106 1482 1151 malim.
1556 1121 1618 1151 vs.
1658 1104 1723 1153 20
1763 1094 1855 1166 ὁίχ

268 1167 488 1219 ἆστίὸων
515 1174 776 1221 Lobeckius.
805 1170 916 1219 ποσὶ
947 1175 1038 1220 Gal.
1045 1170 1186 1235 ,χερὶ
1213 1176 1279 1220 vel
1306 1176 1466 1236 χεροῖν
1493 1176 1594 1221 Ath.

966 1342 969 1345 ’
1013 1338 1116 1390 285

436 1438 561 1505 τούς
599 1438 760 1505 ὅνους
800 1440 923 1506 τοὺς
965 1440 1352 1512 λαρκαγωγοὺς
1395 1444 1448 1508 ἐξ
1487 1441 1648 1512 ὅρους
1687 1450 1860 1499 οἴσειν

1437 1525 1573 1592 ξύλα

376 1621 530 1666 Pollux
559 1622 641 1678 1Ο,
672 1623 765 1666 111
797 1623 849 1666 de
878 1624 1056 1668 nomine
1087 1614 1263 1681 λάρκος
1291 1624 1547 1682 disputans:
1587 1614 1860 1683 Εὐριπίδης

270 1685 358 1750 μὲν
385 1687 582 1752 εἴρηκεν
608 1685 659 1734 ἐν
687 1683 959 1755 Αὐτολύκῳ
985 1693 1233 1757 σατυρικῷ
1261 1684 1403 1747 “τούς
1430 1718 1492 1726 -
1521 1684 1686 1749 ξύλα’.

1011 1855 1114 1907 286

435 1964 714 2029 σχοινίνας
744 1957 847 2029 γὰρ
879 1963 1092 2015 ἵπποισι
1123 1965 1354 2031 φλοΐυας
1378 1955 1538 2030 ἡνίας
1569 1961 1770 2016 πλέκει.

372 2055 526 2100 Pollux
558 2056 799 2114 10,178;
836 2055 1048 2114 φλοῖνην
1084 2051 1132 2101 δὲ
1171 2051 1352 2115 ἐσθῆτα
1391 2047 1656 2111 Ηροὸότου
1692 2049 1856 2101 ειπόν-

268 2138 347 2178 τος
381 2120 455 2168 σοὶ
493 2123 635 2169 τοῦτο
669 2140 874 2185 υπαρχει
912 2122 1064 2187 λέγειν
1100 2121 1181 2171 καὶ
1219 2121 1297 2170 ἐπι
1332 2125 1428 2171 τῶν
1461 2119 1622 2171 ἄλλων
1647 2119 1856 2188 πλεγμά-

270 2209 365 2238 των
394 2220 455 2226 -
483 2189 688 2251 μάλιστα
723 2191 806 2239 καὶ
834 2187 1109 2256 Ευριπίδου
1145 2191 1196 2240 ἕν
1220 2184 1487 2261 Αυτολύκῳ
1523 2197 1768 2261 σατυρικῷ
1793 2193 1856 2241 εἰ-

269 2257 447 2318 πόντος
481 2263 756 2324 (σχοινίνας
795 2291 858 2298 -
895 2262 1104 2311 πλέκειὶ
1157 2267 1331 2312 videtur
1367 2274 1627 2313 tetrameter
1663 2267 1858 2314 trochai-

270 2348 346 2378 eus
373 2337 681 2381 restituendus
708 2351 820 2381 esse.

749 2501 1385 2543 ΒΕΛΛΕΡΟΦΟΝΤΗΣ

375 2600 432 2645 De
460 2609 723 2659 argumento
751 2603 957 2649 cs.P1nd.
984 2603 1136 2647 lsthm.
1167 2603 1222 2661 7,
1248 2603 1338 2648 44:
1375 2592 1403 2647 ό
1425 2617 1500 2647 τοι
1533 2593 1749 2660 πτερόεις
1775 2618 1850 2662 ερ-

270 2676 385 2726 ριψε
414 2664 646 2749 Πάγασος
675 2664 910 2716 δεσπόταν
937 2662 1149 2717 ἐθέλοντ’
1193 2666 1240 2727 ἐς
1265 2663 1479 2731 ουρανοῦ
1505 2664 1754 2732 σταθμους
1780 2667 1853 2717 ἐλ-

268 2740 382 2783 θεῖν
414 2730 530 2798 μεθ’
566 2726 808 2801 ὁμοῖγυριν
845 2735 1240 2819 Βελλεροφόνταν
1274 2733 1447 2796 Ζανός.
1500 2742 1784 2803 Asclepiades
1810 2745 1854 2788 in

268 2808 414 2854 Schol.
442 2810 490 2854 Il
506 2810 584 2887 Z,
613 2811 736 2858 155:
775 2807 956 2872 λέγεται
996 2807 1046 2858 δὲ
1081 2800 1230 2857 αὐτὸν
1258 2811 1681 2872 (Bellerophontem)
1708 2806 1852 2889 ἐπαρ-

268 2874 420 2923 θέντα
446 2868 518 2938 ἐφ’
542 2872 616 2934 οἷς
643 2877 816 2942 ἔπραξε
840 2879 1048 2939 θελῆσαι
1075 2896 1192 2942 μετα
1218 2879 1305 2927 τοῦ
1330 2873 1569 2943 Πηγασου
1597 2874 1680 2927 τὸν
1705 2870 1854 2941 οὖρα-
