2077 3139
765 111 1157 157 ΠΑΛΑΜΗΔΗΣ
1663 105 1754 156 15ῖ

921 248 1022 300 585

347 338 706 415 στρατηλάται
735 335 835 395 τᾶν
865 343 1051 411 μυρίοι
1081 341 1400 408 γενοίμεθα,

349 425 514 498 σοφὸς
548 423 600 481 δ’
634 421 702 480 ἂν
744 419 819 489 εἷς
849 447 926 488 τις
954 417 989 493 ἦ
1022 419 1113 477 δύ’
1152 422 1210 477 ἐν
1239 420 1428 493 μακρῷ
1457 416 1650 493 χρόνῳ.

286 523 409 570 Stob.
437 523 556 568 Flor.
582 520 664 573 54,
694 521 740 567 8.
792 535 856 565 vs.
889 520 914 564 1
942 514 1161 579 γενοίατο
1188 515 1450 562 MeInekius.

926 639 1028 691 586

286 733 609 792 Aristophanes
634 731 739 776 Ran.
769 728 1064 774 1446—48:

432 811 476 860 εἰ
497 811 594 860 τῶν
620 810 830 859 πολιτῶν
857 803 955 856 οἷσι
981 808 1073 856 νῦν
1072 801 1404 895 πιστεύομεν,

429 878 618 939 τούτοις
643 873 1013 957 ἆπιστησαιμεν,
1041 872 1115 935 οις
1143 870 1185 923 6
1216 893 1273 924 ου
1302 871 1549 938 χρωμεθα,

430 948 644 999 τούτοισι
670 939 998 1013 χρησαίμεσθ’,
1026 947 1143 1005 ἴσως
1168 950 1411 1008 σωθεῖμεν
1436 939 1513 994 άν.

182 1041 251 1086 ita
283 1039 541 1098 Euripidem
593 1038 811 1083 dicentem
856 1036 962 1080 facit
996 1035 1343 1107 Arist0p11anes;
1391 1032 1634 1093 respondet
1669 1032 1767 1076 Dio·

182 1124 321 1170 nysus
355 1124 418 1153 vs,
450 1108 606 1154 1451:
645 1102 698 1151 εὐ
734 1122 793 1167 γ,
830 1096 866 1150 ὦ
895 1097 1213 1164 Παλάμηδες,
1254 1117 1290 1146 ω
1316 1094 1571 1162 σοφωτάτη
1607 1094 1765 1159 φύσις.

183 1181 286 1225 hinc
312 1191 527 1238 apparere
563 1178 739 1222 videtur
775 1190 930 1221 versus
957 1190 1091 1235 supra
1128 1175 1321 1232 scriptos
1362 1187 1414 1218 ex
1438 1172 1662 1232 Euripidis
1687 1171 1767 1215 Pa-

183 1249 352 1294 lamede
389 1262 487 1293 esse
512 1244 881 1307 depromptos*).
935 1259 1047 1304 quae
1080 1246 1150 1291 his
1187 1244 1453 1302 interposita
1489 1249 1594 1287 sunt
1617 1241 1767 1299 verba,

184 1315 228 1363 εἰ
250 1316 343 1362 νῦν
368 1333 420 1378 γε
447 1313 773 1375 δυστυχοῦμεν
795 1310 845 1359 ἐν
873 1309 1100 1371 τούτοισι,
1127 1312 1229 1366 πῶς
1249 1309 1479 1357 τάναντία
1503 1301 1769 1372 πραξαντες

185 1402 243 1433 ου
270 1377 527 1451 σωζοίμεθ’
558 1377 645 1447 ἅν;
685 1387 836 1446 spuria
872 1399 972 1430 esse
998 1386 1081 1430 iam
1111 1385 1182 1430 alii
1219 1382 1546 1429 intellexerunt.
1597 1382 1770 1440 Euripi·

183 1458 251 1504 dis
278 1471 462 1504 acumen
499 1423 645 1501 ridere⁷
676 1456 848 1501 videtur
882 1458 954 1499 Ar.
981 1456 1085 1499 Ran.
1118 1451 1273 1500 1443:
1308 1443 1425 1498 όταν
1449 1467 1507 1496 τα
1544 1449 1634 1495 νῦν
1658 1442 1768 1494 ἄπι-

184 1540 271 1573 στα
296 1518 438 1571 πίσθ’
466 1515 717 1584 ἡγώμεθα,
745 1541 802 1569 τα
831 1513 873 1568 6
905 1517 1021 1569 ὄντα
1045 1512 1170 1569 πίστ
1200 1515 1395 1569 α’πιστα.

932 1645 1032 1698 587

358 1734 502 1802 ὅστις
533 1738 678 1807 λε’γει
708 1735 809 1807 μὲν
841 1728 920 1806 εὖ,
955 1732 1020 1790 τὰ
1053 1730 1107 1790 δ’
1141 1729 1258 1805 ἔργ’
1293 1732 1378 1805 ἐφ’
1415 1729 1495 1797 οἷς
1525 1733 1666 1804 λέγει

353 1816 536 1892 αἴσχρ’
573 1821 721 1875 ἐστὶν
752 1815 951 1890 αὐτοῦ,
982 1817 1040 1874 τὸ
1072 1815 1247 1890 σοφὸν
1276 1814 1380 1874 οὐκ
1410 1820 1544 1873 αἰνῶ
1575 1814 1714 1872 τόδε.

293 1918 428 1963 Orion
462 1917 581 1961 Flur
622 1918 676 1973 1,
715 1917 743 1963 6
784 1931 827 1975 p.
865 1862 992 1975 249,
1029 1915 1095 1991 {O
1140 1923 1185 1961 et
1218 1915 1313 1961 Ioh.
1352 1915 1469 1959 Dam.
1507 1921 1611 1973 post
1646 1911 1769 1959 Stob.

187 1987 600 2048 Ec1.p.697,16.
654 2001 715 2031 vs.
747 1985 774 2030 2
803 1983 975 2030 τοῦτον
1002 1999 1092 2030 ουκ
1123 1981 1247 2029 αἰνῶ
1273 1998 1387 2029 ποτε
1413 1985 1504 2029 loh.
1533 1984 1648 2028 Dam.

934 2121 1036 2174 588

358 2207 434 2276 εἷς
463 2234 545 2267 τοι
577 2215 785 2276 δίκαιος
816 2217 1030 2283 μυρίων
1059 2208 1160 2265 οὐκ
1191 2212 1428 2266 ἐνδίκων

357 2307 544 2367 κρατεῖ
571 2294 629 2350 τὸ
659 2305 818 2351 θεῖον
848 2293 947 2367 τὴν
979 2299 1139 2365 δίκην
1168 2316 1226 2349 τε
1257 2289 1561 2363 συλλαβών.

295 2391 418 2437 Stob.
445 2391 565 2437 Flor.
593 2391 651 2450 9,
680 2391 758 2438 13.
809 2407 876 2437 vs.
903 2391 931 2436 2
970 2382 1021 2434 τὸ
1048 2387 1212 2451 θεῖον]
1242 2383 1296 2434 τό
1323 2380 1380 2434 θ’
1412 2381 1547 2434 ὅσιον
1582 2390 1773 2435 coniecit

190 2462 450 2508 Meinekius.

927 2525 1030 2578 589

358 2599 547 2659 Θύσαν
577 2599 862 2658 Διονύσου

301 2769 339 2808 *ὶ
370 2767 424 2806 Ιᾱ
445 2766 558 2831 quod
579 2768 667 2806 iam
689 2770 869 2806 veteres
892 2765 1182 2806 coniecerunt
1206 2766 1494 2831 interpretes.
1527 2762 1673 2803 Schol.
1696 2763 1770 2803 Ar.

189 2820 304 2861 Rau.
330 2823 453 2863 1451·
488 2811 539 2864 εὖ
559 2816 614 2886 γ’,
648 2819 682 2863 ὠ
705 2815 1011 2884 Παλάμηδες]
1046 2813 1160 2885 πρὸς
1181 2817 1264 2863 τὸν
1286 2819 1576 2875 Εὐριπίδην,
1608 2810 1681 2861 ὅτι
1705 2815 1770 2860 εἰ·

190 2868 275 2925 κός
297 2872 349 2918 ἐκ
372 2874 695 2931 Παλαμήδους
717 2871 989 2919 πεπλασθαι
1012 2876 1178 2919 ταῦτα.
