2077 3139
297 129 396 183 182
960 130 1234 174 ΣΚΕΙΡῼΝ

1042 269 1145 322 675

462 348 699 404 ἑλίσσων

395 457 613 533 Ηοεγοίω
654 453 877 503 ἑλίσσων·
901 451 1111 502 πλέκων.
1140 449 1458 533 ψευδόμενος,
1486 449 1578 503 οὐκ
1599 447 1887 514 ἔπὶεῦθείας

291 523 471 589 λέγων.
508 516 543 585 ἦ
577 543 659 573 κιι
667 525 735 573 ὧν
762 520 949 586 (κοινόν
976 524 1149 589 codex).
1202 516 1476 589 Εὐριπίδης
1504 521 1729 594 Σισύφῳ.
1779 543 1887 589 poe·

293 605 385 644 tam
410 591 582 659 λόγους
610 593 810 644 ἑλίσσων
838 598 1001 644 dixisse
1026 599 1219 644 coniecit
1244 599 1465 644 Matthiae.

709 762 1027 804 ΣΚΕῙΡΩΝ
1057 763 1469 804 ΣΑΤΤΡΙΚΟΣ

395 866 454 911 De
482 865 668 910 Scirone
693 865 792 910 vide
817 871 998 924 praeter
1024 865 1137 910 alios
1162 864 1277 910 Plut.
1305 865 1353 910 V.
1383 865 1540 910 Thesei
1569 879 1606 910 c.
1639 865 1715 912 10.
1761 866 1888 910 Euri·

293 936 440 997 pidem
471 950 582 996 quae
612 936 664 980 de
698 936 940 980 Procruste
974 935 1108 993 vulgo
1135 942 1377 981 narrantur
1403 935 1456 980 ad
1483 935 1715 981 Scironem
1744 943 1886 980 trans-

291 1007 456 1052 tulisse
484 1020 507 1051 e
533 1006 588 1051 fr.
619 1005 716 1052 677
756 1005 974 1050 conclusit
1000 1005 1243 1064 Boettiger.

1045 1125 1147 1177 676

460 1233 551 1286 καὶ
581 1229 675 1296 τὰς
707 1230 807 1302 μὲν
838 1226 970 1300 ἄξει,
1005 1234 1190 1284 πῶλον
1220 1225 1289 1301 ἢν
1323 1234 1488 1305 διδῷς
1520 1233 1634 1302 ἕνα,

458 1313 552 1380 τὰς
586 1312 637 1370 δ’
671 1309 742 1386 ἢν
773 1311 1069 1385 ξυνωρίδ”
1103 1319 1163 1369 αἳ
1192 1314 1251 1369 δὲ
1282 1311 1414 1369 κάπὶ
1446 1313 1726 1384 τεσσάρων

461 1401 726 1470 φοιτῶσιν
757 1403 942 1454 ἵππων
973 1395 1249 1468 ἀργυρῶν.
1311 1401 1534 1469 φιλοῦσι
1568 1400 1626 1455 δὲ

460 1481 559 1538 τὸν
592 1485 643 1549 ἐξ
670 1479 927 1553 Ἀθηνῶν
958 1484 1271 1550 παρθένους
1303 1480 1436 1539 ὅταν
1466 1486 1606 1554 φέρῃ

461 1567 663 1632 πολλάς

395 1678 552 1724 Pollux
579 1678 638 1738 9,
667 1678 755 1753 75Ἃε
806 1669 928 1722 ἆλλά
954 1694 1038 1722 και
1065 1672 1190 1738 κόρη
1215 1692 1312 1754 παρ
1357 1668 1645 1755 Αθηναίοις
1671 1671 1887 1738 νόμισμα

291 1764 355 1807 ην
380 1774 462 1794 -.
491 1763 612 1808 ταχα
624 1714 683 1791 δ’
714 1737 777 1792 ἂν
804 1744 882 1809 ειή
908 1739 1048 1809 κόρη,
1078 1765 1142 1803 ως
1162 1736 1437 1807 Εὐριπίδης
1465 1737 1685 1809 ὠνόμασε
1703 1746 1888 1809 παρθέ-

292 1833 381 1863 νον
408 1814 458 1863 ἐν
481 1816 716 1878 Σκίρωνι.
747 1813 895 1880 λέγων
921 1814 1033 1881 περὶ
1062 1819 1159 1864 τῶν
1188 1814 1442 1881 ἑταιρίδων
1467 1817 1564 1865 τῶν
1591 1814 1642 1864 ἐν
1655 1818 1888 1885 Κορίνθῳ

292 1884 404 1934 καὶ
431 1879 516 1944 τὰς
540 1915 611 1922 —
635 1884 847 1944 πολλας’
852 1924 863 1936 .

1044 2011 1145 2063 677

460 2099 658 2174 σχεδὸν
689 2098 934 2173 χαμεύνῃ
966 2099 1270 2172 σύμμετρος
1302 2108 1608 2174 Κορινθίας

459 2183 676 2255 παιδός,
708 2182 1022 2256 κνεφάλλου
1056 2181 1108 2239 δ’
1143 2183 1245 2258 οὐχ
1275 2181 1613 2257 ὑπερτείνεις
1645 2183 1802 2242 πόδα.

395 2296 553 2342 Pollux
589 2297 682 2355 10,
724 2296 814 2342 35:
863 2293 961 2341 τῶν
986 2311 1080 2357 γαρ
1105 2287 1454 2355 οἷδοξοτέρων“
1427 2313 1458 2356 η
1485 2287 1699 2356 χαμεύνη
1724 2292 1809 2342 καὶ
1835 2288 1888 2340 τὸ

290 2359 578 2441 χαμεύνιον·
614 2360 666 2410 ἐν
692 2364 815 2425 γοῦν
839 2383 905 2430 τῳ
944 2376 1192 2442 σατυρικω
1218 2366 1438 2424 Σκίρωνι
1465 2357 1742 2427 Εὐριπίδης
1767 2362 1890 2426 φησί

294 2426 500 2497 εσχεδὸν
523 2461 594 2469 -
618 2431 795 2482 πόδα’.
846 2452 912 2482 vs.
943 2437 970 2481 2
1000 2425 1278 2497 υπερτενεῑς
1304 2438 1564 2484 Meinekius.

1044 2558 1110 2610 6*
1090 2575 1102 2610 ι
1115 2558 1146 2610 8

793 2645 926 2703 οὐδὲ
957 2651 1199 2719 κωλῆνες
1229 2653 1448 2721 νεβρῶν

395 2759 500 2804 Ath.
528 2759 581 2805 lx
607 2774 650 2820 p.
678 2758 778 2806 368
806 2759 858 2804 D:
898 2754 982 2803 καὶ
1009 2757 1207 2817 κωλῆνα
1233 2755 1284 2807 δὲ
1309 2755 1498 2822 λέγουσι
1523 2754 1606 2806 καὶ
1635 2757 1798 2817 κωλῆν
1816 2784 1888 2794 -

297 2820 586 2907 Ευριπίδης
596 2826 838 2887 Σκείρωνι
874 2823 1017 2875 εοὐδὲ
1051 2829 1264 2889 κωληνες
1299 2828 1534 2919 νεκρῶν.
1585 2830 1640 2876 cs.
1669 2830 1886 2891 Hesyach

288 2896 529 2958 κωληνες·
557 2888 853 2961 ακροκώλια.
