2077 3139
622 125 991 168 FABVLARVM
1010 124 1230 166 FRAGM.
1489 161 1491 163 .
1616 123 1719 176 257

139 259 436 327 Ευριπίδης·
484 263 630 310 ‘muci
667 261 718 311 δὲ
758 263 890 326 χρεία
925 283 957 324 μ
1010 255 1040 326 ἡ
1076 258 1376 325 ταλαίπωρός
1410 261 1462 312 τέ
1499 281 1594 327 μου
1636 282 1719 328 γα-

135 330 306 399 στήρ’.
353 313 772 396 ταλαιπωρότερον
797 328 939 382 οὐδέν
967 332 1064 381 ἐστι
1088 326 1180 397 γάρ
1207 330 1426 397 γαστρός.

307 552 349 615 ὦ
380 557 724 631 πολύμοχθος
755 559 907 630 βιοτὴ
937 569 1184 631 θνητοῖς,

309 642 379 708 ὡς
412 644 498 699 ἐπὶ
530 645 692 699 παντὶ
725 642 971 713 σφαλερὰ
1002 658 1197 714 κεῖσαι,

307 729 396 782 καὶ
426 726 490 782 τὰ
520 728 620 798 μὲν
651 724 848 798 αὔξεις,
879 726 943 781 τὰ
977 726 1026 780 ὁ’
1063 724 1501 799 ἆποφθινύθεις·

305 807 438 866 κούκ
469 815 615 866 ἔστιν
644 809 766 881 ὅρος
799 815 1046 881 κείμενος
1077 807 1258 876 οὐδεὶς

308 899 382 958 εἰς
412 890 601 950 ὅντινα
631 891 731 965 χρὴ
762 896 974 949 τελέσαι
1003 903 1248 965 θνητοῖς,
1584 910 1613 953 5

305 976 449 1047 πλὴν
480 974 613 1033 ὅταν
643 983 779 1048 ἔλθῃ
811 975 1013 1049 κρυερὰ
1044 975 1256 1034 Διόθεν

305 1059 554 1116 θανάτου
584 1071 898 1133 πεμφθεῖσα
927 1059 1165 1132 τελευτή.

243 1158 442 1203 Clemens
468 1158 589 1203 Alex.
618 1157 858 1204 strom.V1
883 1173 925 1218 p
944 1158 1065 1203 744:
1093 1152 1241 1213 αὖθις
1267 1150 1539 1218 Εὐριπίδου
1564 1151 1721 1204 εἰπόν-

135 1241 217 1281 τος
245 1219 312 1272 (ὠ
337 1217 645 1286 πολύμοχθος
671 1253 735 1260 —-
759 1218 977 1287 τελευτή’
1008 1225 1215 1287 Δίφιλο,Ἰ
1241 1220 1565 1290 y9ocq26c‘01'm
1593 1225 1720 1274 ἐστι’

136 1292 236 1342 κτὲ.
289 1313 347 1342 xs.
378 1298 407 1344 5
434 1293 651 1358 θνητούς
678 1298 877 1344 Grotius.

720 1519 838 1578 ὅσοι
872 1520 922 1577 δ’
962 1521 1236 1594 ἰατρεύειν
1267 1526 1442 1588 καλῶς

306 1603 439 1674 πρὸς
469 1604 561 1669 τὰς
594 1610 803 1670 διαίτας
833 1611 942 1661 τῶν
975 1605 1337 1663 ἐνοικούντων
1367 1607 1529 1663 πόλιν

305 1688 405 1759 τὴν
435 1693 539 1759 γῆν
568 1685 616 1744 τ’
653 1687 887 1760 ιόόντας,
919 1687 1011 1754 τὰς
1041 1688 1240 1755 νόσους
1271 1705 1498 1747 σκοπεῖν
1528 1687 1720 1764 χρεών.

243 1799 444 1844 Clemens
481 1799 600 1844 Alex.
638 1800 801 1845 Strom.
840 1799 890 1844 w
924 1815 967 1858 p
1007 1800 1128 1847 749:
1161 1790 1282 1845 ἀλλὰ
1316 1797 1399 1845 καὶ
1435 1799 1520 1846 τοῦ
1555 1798 1723 1862 ἰατροῦ

130 1857 481 1927 Ιπποκρατους
523 1864 830 1929 ἐπιβλέπειν
871 1869 963 1915 ουν
1007 1866 1089 1914 καὶ
1133 1861 1266 1932 ὥρην
1305 1866 1388 1915 καὶ
1430 1863 1593 1931 χώρην
1638 1866 1722 1916 καὶ

139 1928 337 1998 ηλικίην
371 1933 452 1983 καὶ
495 1932 726 1994 νούσους’
769 1954 1040 1999 γραφοντος
1074 1934 1350 2001 Εὑριπίςὸη
1391 1955 1442 1985 εν
1487 1936 1722 2005 ἑξαμέτρῳ

139 2000 335 2068 τηρήσει
393 1999 574 2067 (χρήσει
619 2008 888 2069 Hemsterh.)
942 2007 1090 2070 φησίν
1145 2002 1279 2056 *όσοι
1324 2005 1371 2055 δ’
1415 2037 1480 2044 -—
1523 2026 1602 2074 χρε
1584 2007 1722 2057 coev'.

139 2078 494 2138 Bellerophontis
522 2093 621 2125 esse
646 2080 794 2125 locum
820 2095 887 2126 co.
892 2082 1012 2126 ziecit
1039 2081 1239 2127 Galaker.

880 2215 982 2267 910

306 2300 438 2372 πρὸς
469 2303 631 2360 ταῦθ’
673 2301 703 2360 ο’
731 2328 781 2360 τι
814 2303 912 2376 χρὴ
945 2306 1033 2360 καὶ
1064 2303 1411 2376 παλαμασθω

308 2388 398 2441 καὶ
428 2391 537 2443 πᾶν
570 2385 646 2442 ἐπ’
683 2389 798 2458 ἐμοὶ
829 2391 1222 2445 τεκταινέσθω

305 2469 363 2525 τὸ
382 2493 497 2575 γαρ
530 2471 589 2526 εὐ
618 2468 725 2543 μετ’
762 2475 892 2542 ἐμοῦ

307 2555 398 2609 καὶ
429 2552 488 2609 τὸ
521 2559 735 2611 ὁίκαιον
766 2553 1050 2627 σύμμαχον
1082 2560 1250 2627 ἔσται,

306 2660 405 2693 κου
436 2636 509 2709 μή
540 2636 673 2694 ποθ’
707 2633 820 2694 αλῶ
850 2662 987 2694 κακα
1018 2658 1295 2711 πρασσων.
1552 2657 1581 2699 5

244 2734 443 2781 Clemens
469 2735 588 2781 Alex.
618 2735 779 2781 Slvom.
806 2736 858 2780 VI
893 2751 934 2795 p.
965 2737 1088 2783 797:
1125 2735 1212 2782 καί
1244 2751 1325 2815 μοι
1362 2732 1490 2782 δοκῶ
1526 2750 1724 2797 κομπω-

139 2798 254 2858 δους
288 2799 376 2864 μὲν
411 2797 537 2850 εἶναι
571 2809 735 2882 ψυχῆς
769 2797 1017 2867 καύχημα,
1052 2797 1182 2866 πλὴν
1215 2795 1587 2881 εὖσυνειὸήτου,
1624 2802 1726 2852 ἐπι-

137 2870 446 2934 φθέγγεσθαι
474 2877 573 2930 τοῖς
599 2891 722 2920 κατα
747 2872 1026 2938 περίστασιν
1052 2874 1423 2938 συμβαίνουσι(
1436 2867 1556 2939 πρὸς
1581 2865 1724 2922 ταῦθ’

225 2951 357 2987 Evm.
381 2962 456 2986 von
501 2962 556 2988 m.
1344 2961 1393 2999 17
