<?xml version="1.0" encoding="UTF-8"?>
<!DOCTYPE html PUBLIC "-//W3C//DTD XHTML 1.0 Transitional//EN"
    "http://www.w3.org/TR/xhtml1/DTD/xhtml1-transitional.dtd">
<html xmlns="http://www.w3.org/1999/xhtml" xml:lang="en" lang="en">
 <head>
  <title>
</title>
<meta http-equiv="Content-Type" content="text/html;charset=utf-8" />
  <meta name='ocr-system' content='tesseract 3.04.00' />
  <meta name='ocr-capabilities' content='ocr_page ocr_carea ocr_par ocr_line ocrx_word'/>
</head>
<body>
  <div class='ocr_page' id='page_1' title='image "./euripidistragoe03euriuoft_0286.png"; bbox 0 0 2077 3139; ppageno 0'>
   <div class='ocr_carea' id='block_1_1' title="bbox 319 130 1319 185">
    <p class='ocr_par' dir='ltr' id='par_1_1' title="bbox 319 130 1319 185">
     <span class='ocr_line' id='line_1_1' title="bbox 319 130 1319 185; baseline -0.013 0"><span class='ocrx_word' id='word_1_1' title='bbox 319 130 424 185; x_wconf 82' lang='lat'><em>254</em></span> <span class='ocrx_word' id='word_1_2' title='bbox 924 131 1319 177; x_wconf 76' lang='lat' dir='ltr'><strong>INCERTARVM</strong></span> 
     </span>
    </p>
   </div>
   <div class='ocr_carea' id='block_1_2' title="bbox 320 265 1921 1446">
    <p class='ocr_par' dir='ltr' id='par_1_2' title="bbox 320 265 1915 618">
     <span class='ocr_line' id='line_1_2' title="bbox 320 265 1915 357; baseline 0 -37"><span class='ocrx_word' id='word_1_3' title='bbox 320 291 446 353; x_wconf 77' lang='grc' dir='ltr'><em>γειν</em></span> <span class='ocrx_word' id='word_1_4' title='bbox 459 299 517 310; x_wconf 91' lang='lat'>-</span> <span class='ocrx_word' id='word_1_5' title='bbox 546 270 694 338; x_wconf 80' lang='grc' dir='ltr'><em>μέλλῃ</em></span> <span class='ocrx_word' id='word_1_6' title='bbox 719 270 906 357; x_wconf 76' lang='grc' dir='ltr'><em>λέγειν’</em></span> <span class='ocrx_word' id='word_1_7' title='bbox 938 275 1017 337; x_wconf 80' lang='lat' dir='ltr'><strong>(vs.</strong></span> <span class='ocrx_word' id='word_1_8' title='bbox 1047 275 1074 321; x_wconf 83' lang='lat'><strong>7</strong></span> <span class='ocrx_word' id='word_1_9' title='bbox 1104 283 1148 321; x_wconf 84' lang='lat' dir='ltr'><em>et</em></span> <span class='ocrx_word' id='word_1_10' title='bbox 1175 274 1240 334; x_wconf 85' lang='grc'><strong><em>8).</em></strong></span> <span class='ocrx_word' id='word_1_11' title='bbox 1297 270 1379 319; x_wconf 75' lang='grc' dir='ltr'><em>καὶ</em></span> <span class='ocrx_word' id='word_1_12' title='bbox 1415 265 1568 330; x_wconf 71' lang='grc' dir='ltr'><em>αὖθίς</em></span> <span class='ocrx_word' id='word_1_13' title='bbox 1603 290 1698 321; x_wconf 87' lang='grc' dir='ltr'><em>που</em></span> <span class='ocrx_word' id='word_1_14' title='bbox 1724 290 1915 332; x_wconf 83' lang='grc' dir='ltr'><em>τουτοις</em></span> 
     </span>
     <span class='ocr_line' id='line_1_3' title="bbox 321 335 1914 409; baseline -0.001 -18"><span class='ocrx_word' id='word_1_15' title='bbox 321 337 379 391; x_wconf 78' lang='grc' dir='ltr'><em>τὰ</em></span> <span class='ocrx_word' id='word_1_16' title='bbox 421 336 565 406; x_wconf 85' lang='grc' dir='ltr'><em>όμοια</em></span> <span class='ocrx_word' id='word_1_17' title='bbox 611 335 735 404; x_wconf 64' lang='grc' dir='ltr'><em>εήδύ</em></span> <span class='ocrx_word' id='word_1_18' title='bbox 780 337 825 389; x_wconf 83' lang='grc' dir='ltr'><em>δ’</em></span> <span class='ocrx_word' id='word_1_19' title='bbox 860 371 931 378; x_wconf 93' lang='grc'>-</span> <span class='ocrx_word' id='word_1_20' title='bbox 970 343 1096 409; x_wconf 75' lang='grc' dir='ltr'><em>ἐχειν</em></span> <span class='ocrx_word' id='word_1_21' title='bbox 1139 339 1308 404; x_wconf 82' lang='grc' dir='ltr'><em>μέρος’</em></span> <span class='ocrx_word' id='word_1_22' title='bbox 1358 344 1437 407; x_wconf 83' lang='grc' dir='ltr'><strong><em>(ν3.</em></strong></span> <span class='ocrx_word' id='word_1_23' title='bbox 1467 346 1495 392; x_wconf 88' lang='lat'>9</span> <span class='ocrx_word' id='word_1_24' title='bbox 1537 354 1581 391; x_wconf 87' lang='lat' dir='ltr'><em>et</em></span> <span class='ocrx_word' id='word_1_25' title='bbox 1619 346 1715 404; x_wconf 89' lang='lat'>10).</span> <span class='ocrx_word' id='word_1_26' title='bbox 1775 337 1827 391; x_wconf 90' lang='grc' dir='ltr'><em>τό</em></span> <span class='ocrx_word' id='word_1_27' title='bbox 1863 361 1914 391; x_wconf 85' lang='grc' dir='ltr'><em>τε</em></span> 
     </span>
     <span class='ocr_line' id='line_1_4' title="bbox 322 403 1915 476; baseline -0.001 -14"><span class='ocrx_word' id='word_1_28' title='bbox 322 413 482 475; x_wconf 75' lang='grc' dir='ltr'><em>πρᾶον</em></span> <span class='ocrx_word' id='word_1_29' title='bbox 519 410 602 460; x_wconf 77' lang='grc' dir='ltr'><em>καὶ</em></span> <span class='ocrx_word' id='word_1_30' title='bbox 645 406 968 476; x_wconf 78' lang='grc' dir='ltr'><em>φιλόστοργον</em></span> <span class='ocrx_word' id='word_1_31' title='bbox 1013 410 1105 460; x_wconf 85' lang='grc' dir='ltr'><em>ὡδέ</em></span> <span class='ocrx_word' id='word_1_32' title='bbox 1146 430 1245 469; x_wconf 80' lang='grc' dir='ltr'><em>πως</em></span> <span class='ocrx_word' id='word_1_33' title='bbox 1288 403 1629 461; x_wconf 76' lang='grc' dir='ltr'><em>ὗποδεικιύων</em></span> <span class='ocrx_word' id='word_1_34' title='bbox 1673 407 1767 460; x_wconf 70' lang='grc' dir='ltr'><em>κᾶν</em></span> <span class='ocrx_word' id='word_1_35' title='bbox 1811 431 1915 472; x_wconf 87' lang='grc' dir='ltr'><em>ταις</em></span> 
     </span>
     <span class='ocr_line' id='line_1_5' title="bbox 323 477 1910 546; baseline -0.001 -15"><span class='ocrx_word' id='word_1_36' title='bbox 323 486 602 546; x_wconf 79' lang='grc' dir='ltr'><em>συμφοραῖς</em></span> <span class='ocrx_word' id='word_1_37' title='bbox 638 481 831 546; x_wconf 80' lang='grc' dir='ltr'><em>ἐπιφέρε</em></span> <span class='ocrx_word' id='word_1_38' title='bbox 813 503 854 530; x_wconf 68' lang='grc' dir='ltr'><em>ει</em></span> <span class='ocrx_word' id='word_1_39' title='bbox 893 480 997 530; x_wconf 60' lang='grc' dir='ltr'><em>εσοὶ</em></span> <span class='ocrx_word' id='word_1_40' title='bbox 1033 479 1078 528; x_wconf 79' lang='grc' dir='ltr'><em>δ’</em></span> <span class='ocrx_word' id='word_1_41' title='bbox 1114 510 1170 517; x_wconf 92' lang='grc'>-</span> <span class='ocrx_word' id='word_1_42' title='bbox 1203 477 1331 544; x_wconf 78' lang='grc' dir='ltr'><em>πλην</em></span> <span class='ocrx_word' id='word_1_43' title='bbox 1366 477 1502 530; x_wconf 76' lang='grc' dir='ltr'><em>τάδε’</em></span> <span class='ocrx_word' id='word_1_44' title='bbox 1548 486 1630 544; x_wconf 91' lang='lat' dir='ltr'><strong>(vs.</strong></span> <span class='ocrx_word' id='word_1_45' title='bbox 1673 486 1910 544; x_wconf 87' lang='grc'>11-14).</span> 
     </span>
     <span class='ocr_line' id='line_1_6' title="bbox 322 545 1914 634; baseline -0.003 -31"><span class='ocrx_word' id='word_1_46' title='bbox 322 557 455 618; x_wconf 86' lang='lat' dir='ltr'><strong>paulo</strong></span> <span class='ocrx_word' id='word_1_47' title='bbox 492 564 600 634; x_wconf 87' lang='lat' dir='ltr'><em>post</em></span> <span class='ocrx_word' id='word_1_48' title='bbox 634 565 885 631; x_wconf 83' lang='lat' dir='ltr'><strong>sequuntur</strong></span> <span class='ocrx_word' id='word_1_49' title='bbox 921 557 1030 600; x_wconf 86' lang='lat' dir='ltr'>haec</span> <span class='ocrx_word' id='word_1_50' title='bbox 1038 569 1109 633; x_wconf 89' lang='lat' dir='ltr'>p</span> <span class='ocrx_word' id='word_1_51' title='bbox 1148 555 1270 602; x_wconf 79' lang='lat'><em>621:</em></span> <span class='ocrx_word' id='word_1_52' title='bbox 1317 546 1406 614; x_wconf 81' lang='grc' dir='ltr'><em>χρὴ</em></span> <span class='ocrx_word' id='word_1_53' title='bbox 1442 551 1494 602; x_wconf 84' lang='grc' dir='ltr'><em>δὲ</em></span> <span class='ocrx_word' id='word_1_54' title='bbox 1532 545 1616 601; x_wconf 83' lang='grc' dir='ltr'><em>τὸν</em></span> <span class='ocrx_word' id='word_1_55' title='bbox 1636 546 1914 632; x_wconf 74' lang='grc' dir='ltr'><em>εὐδαίμοια</em></span> 
     </span>
    </p>

    <p class='ocr_par' dir='ltr' id='par_1_3' title="bbox 323 614 1914 756">
     <span class='ocr_line' id='line_1_7' title="bbox 323 614 1914 706; baseline -0.001 -35"><span class='ocrx_word' id='word_1_56' title='bbox 323 620 479 706; x_wconf 72' lang='grc' dir='ltr'><em>γάμον</em></span> <span class='ocrx_word' id='word_1_57' title='bbox 506 617 617 671; x_wconf 71' lang='grc' dir='ltr'><em>οὔτε</em></span> <span class='ocrx_word' id='word_1_58' title='bbox 644 627 706 672; x_wconf 80' lang='grc' dir='ltr'><em>π)</em></span> <span class='ocrx_word' id='word_1_59' title='bbox 712 617 838 670; x_wconf 83' lang='grc' dir='ltr'><em>ου’τω</em></span> <span class='ocrx_word' id='word_1_60' title='bbox 860 620 973 670; x_wconf 82' lang='grc' dir='ltr'><em>ποτὲ</em></span> <span class='ocrx_word' id='word_1_61' title='bbox 1001 616 1109 669; x_wconf 76' lang='grc' dir='ltr'><em>οὔτε</em></span> <span class='ocrx_word' id='word_1_62' title='bbox 1137 620 1304 670; x_wconf 68' lang='grc' dir='ltr'><em>κάλλει</em></span> <span class='ocrx_word' id='word_1_63' title='bbox 1326 624 1602 686; x_wconf 77' lang='grc' dir='ltr'><em>κρίνεσθαι,</em></span> <span class='ocrx_word' id='word_1_64' title='bbox 1622 614 1719 670; x_wconf 80' lang='grc' dir='ltr'><em>ἆλλ</em></span> <span class='ocrx_word' id='word_1_65' title='bbox 1749 615 1914 688; x_wconf 82' lang='grc' dir='ltr'><em>ἆρετῇ.</em></span> 
     </span>
     <span class='ocr_line' id='line_1_8' title="bbox 324 688 1913 773; baseline -0.002 -31"><span class='ocrx_word' id='word_1_66' title='bbox 324 688 617 756; x_wconf 47' lang='grc' dir='ltr'><em>*οὖδεμίαιθ</em></span> <span class='ocrx_word' id='word_1_67' title='bbox 644 692 796 756; x_wconf 83' lang='grc' dir='ltr'><em>φησὶν</em></span> <span class='ocrx_word' id='word_1_68' title='bbox 822 713 851 756; x_wconf 85' lang='grc' dir='ltr'><em>η</em></span> <span class='ocrx_word' id='word_1_69' title='bbox 867 692 1161 773; x_wconf 76' lang='grc' dir='ltr'><em>τραγῳδία</em></span> <span class='ocrx_word' id='word_1_70' title='bbox 1179 688 1333 754; x_wconf 87' lang='grc' dir='ltr'><em>ω’νησε</em></span> <span class='ocrx_word' id='word_1_71' title='bbox 1355 691 1616 750; x_wconf 64' lang='grc' dir='ltr'><em>κάλλος-</em></span> <span class='ocrx_word' id='word_1_72' title='bbox 1635 691 1913 740; x_wconf 82' lang='grc' dir='ltr'><em>ἐπίσταται’</em></span> 
     </span>
    </p>

    <p class='ocr_par' dir='ltr' id='par_1_4' title="bbox 324 757 1921 1446">
     <span class='ocr_line' id='line_1_9' title="bbox 325 757 1918 827; baseline -0.002 -14"><span class='ocrx_word' id='word_1_73' title='bbox 325 768 405 827; x_wconf 88' lang='lat' dir='ltr'><strong>(vs.</strong></span> <span class='ocrx_word' id='word_1_74' title='bbox 446 765 630 827; x_wconf 84' lang='lat'><strong>1—3).</strong></span> <span class='ocrx_word' id='word_1_75' title='bbox 695 767 798 811; x_wconf 81' lang='grc' dir='ltr'><em>εἰτα</em></span> <span class='ocrx_word' id='word_1_76' title='bbox 833 757 942 810; x_wconf 85' lang='grc' dir='ltr'><em>οἷον</em></span> <span class='ocrx_word' id='word_1_77' title='bbox 975 761 1282 823; x_wconf 79' lang='grc' dir='ltr'><em>παραινέσεις</em></span> <span class='ocrx_word' id='word_1_78' title='bbox 1322 758 1526 812; x_wconf 83' lang='grc' dir='ltr'><em>διδοῦσα</em></span> <span class='ocrx_word' id='word_1_79' title='bbox 1560 778 1680 824; x_wconf 81' lang='grc' dir='ltr'><em>φησι</em></span> <span class='ocrx_word' id='word_1_80' title='bbox 1714 763 1918 825; x_wconf 72' lang='grc' dir='ltr'><em>&lt;πρώτα</em></span> 
     </span>
     <span class='ocr_line' id='line_1_10' title="bbox 324 828 1916 898; baseline -0.003 -14"><span class='ocrx_word' id='word_1_81' title='bbox 324 834 412 898; x_wconf 85' lang='grc' dir='ltr'><em>μέν</em></span> <span class='ocrx_word' id='word_1_82' title='bbox 436 862 505 870; x_wconf 93' lang='lat'><em>—-</em></span> <span class='ocrx_word' id='word_1_83' title='bbox 533 835 674 892; x_wconf 64' lang='lat'>2053’</span> <span class='ocrx_word' id='word_1_84' title='bbox 702 837 783 896; x_wconf 81' lang='lat' dir='ltr'><strong>(vs.</strong></span> <span class='ocrx_word' id='word_1_85' title='bbox 814 838 913 882; x_wconf 95' lang='lat'>4—</span> <span class='ocrx_word' id='word_1_86' title='bbox 851 833 984 898; x_wconf 88' lang='lat'>—6).</span> <span class='ocrx_word' id='word_1_87' title='bbox 1038 831 1121 881; x_wconf 79' lang='grc' dir='ltr'><em>καὶ</em></span> <span class='ocrx_word' id='word_1_88' title='bbox 1150 830 1207 880; x_wconf 76' lang='grc' dir='ltr'><em>τὰ</em></span> <span class='ocrx_word' id='word_1_89' title='bbox 1240 831 1320 881; x_wconf 82' lang='grc' dir='ltr'><em>ἐπὶ</em></span> <span class='ocrx_word' id='word_1_90' title='bbox 1346 828 1549 892; x_wconf 79' lang='grc' dir='ltr'><em>τούτοις.</em></span> <span class='ocrx_word' id='word_1_91' title='bbox 1602 840 1771 882; x_wconf 89' lang='lat' dir='ltr'><em>iustum</em></span> <span class='ocrx_word' id='word_1_92' title='bbox 1798 837 1916 882; x_wconf 90' lang='lat' dir='ltr'><strong>ordi-</strong></span> 
     </span>
     <span class='ocr_line' id='line_1_11' title="bbox 325 907 1918 967; baseline -0.002 -13"><span class='ocrx_word' id='word_1_93' title='bbox 325 923 426 954; x_wconf 82' lang='lat' dir='ltr'><em>nem</em></span> <span class='ocrx_word' id='word_1_94' title='bbox 456 910 617 953; x_wconf 80' lang='lat' dir='ltr'><strong>hoium</strong></span> <span class='ocrx_word' id='word_1_95' title='bbox 644 921 876 965; x_wconf 74' lang='lat' dir='ltr'><em>vcrsuum,</em></span> <span class='ocrx_word' id='word_1_96' title='bbox 914 921 1029 967; x_wconf 90' lang='lat' dir='ltr'><strong>quos</strong></span> <span class='ocrx_word' id='word_1_97' title='bbox 1056 907 1340 952; x_wconf 82' lang='lat' dir='ltr'><em>manifestum</em></span> <span class='ocrx_word' id='word_1_98' title='bbox 1378 915 1445 954; x_wconf 88' lang='lat' dir='ltr'><em>est</em></span> <span class='ocrx_word' id='word_1_99' title='bbox 1472 915 1590 953; x_wconf 84' lang='lat' dir='ltr'>arcte</span> <span class='ocrx_word' id='word_1_100' title='bbox 1627 909 1744 952; x_wconf 86' lang='lat' dir='ltr'><strong>inter</strong></span> <span class='ocrx_word' id='word_1_101' title='bbox 1770 919 1817 951; x_wconf 86' lang='lat' dir='ltr'><em>se</em></span> <span class='ocrx_word' id='word_1_102' title='bbox 1842 919 1918 952; x_wconf 92' lang='lat' dir='ltr'><em>co-</em></span> 
     </span>
     <span class='ocr_line' id='line_1_12' title="bbox 327 971 1916 1051; baseline -0.001 -27"><span class='ocrx_word' id='word_1_103' title='bbox 327 980 536 1034; x_wconf 74' lang='lat' dir='ltr'>haerere,</span> <span class='ocrx_word' id='word_1_104' title='bbox 573 979 742 1022; x_wconf 75' lang='lat' dir='ltr'>restitit</span> <span class='ocrx_word' id='word_1_105' title='bbox 776 977 867 1021; x_wconf 60' lang='lat' dir='ltr'><em>Mus</em></span> <span class='ocrx_word' id='word_1_106' title='bbox 853 979 1067 1037; x_wconf 79' lang='lat' dir='ltr'><strong>gravius.</strong></span> <span class='ocrx_word' id='word_1_107' title='bbox 1122 992 1182 1022; x_wconf 72' lang='lat' dir='ltr'><em>v.s</em></span> <span class='ocrx_word' id='word_1_108' title='bbox 1219 977 1251 1022; x_wconf 89' lang='lat'>4</span> <span class='ocrx_word' id='word_1_109' title='bbox 1286 971 1375 1035; x_wconf 83' lang='grc' dir='ltr'><em>μὲν</em></span> <span class='ocrx_word' id='word_1_110' title='bbox 1409 993 1501 1051; x_wconf 76' lang='grc' dir='ltr'><em>γαρ</em></span> <span class='ocrx_word' id='word_1_111' title='bbox 1539 978 1734 1022; x_wconf 86' lang='lat' dir='ltr'><strong>Grotius.</strong></span> <span class='ocrx_word' id='word_1_112' title='bbox 1786 991 1848 1021; x_wconf 93' lang='lat' dir='ltr'><em>vs.</em></span> <span class='ocrx_word' id='word_1_113' title='bbox 1887 976 1916 1022; x_wconf 86' lang='grc'><strong>6</strong></span> 
     </span>
     <span class='ocr_line' id='line_1_13' title="bbox 326 1013 1916 1119; baseline -0.003 -26"><span class='ocrx_word' id='word_1_114' title='bbox 326 1038 379 1093; x_wconf 85' lang='grc' dir='ltr'><em>τὸ</em></span> <span class='ocrx_word' id='word_1_115' title='bbox 423 1045 552 1109; x_wconf 60' lang='grc' dir='ltr'><em>κρίνς</em></span> <span class='ocrx_word' id='word_1_116' title='bbox 537 1062 608 1092; x_wconf 78' lang='grc' dir='ltr'><em>ειν</em></span> <span class='ocrx_word' id='word_1_117' title='bbox 656 1013 899 1092; x_wconf 62' lang='grc' dir='ltr'><em>δυιατόνῠ</em></span> <span class='ocrx_word' id='word_1_118' title='bbox 912 1042 1037 1091; x_wconf 78' lang='grc' dir='ltr'><em>ἐστιν</em></span> <span class='ocrx_word' id='word_1_119' title='bbox 1083 1047 1378 1119; x_wconf 79' lang='lat' dir='ltr'>temptabam,</span> <span class='ocrx_word' id='word_1_120' title='bbox 1425 1038 1477 1092; x_wconf 82' lang='grc' dir='ltr'><em>τὸ</em></span> <span class='ocrx_word' id='word_1_121' title='bbox 1520 1044 1705 1105; x_wconf 82' lang='grc' dir='ltr'><em>κρίνειν</em></span> <span class='ocrx_word' id='word_1_122' title='bbox 1745 1037 1916 1090; x_wconf 80' lang='grc' dir='ltr'><em>ἱκανόν</em></span> 
     </span>
     <span class='ocr_line' id='line_1_14' title="bbox 327 1109 1917 1181; baseline -0.003 -19"><span class='ocrx_word' id='word_1_123' title='bbox 327 1114 457 1163; x_wconf 83' lang='grc' dir='ltr'><em>ἐστιν</em></span> <span class='ocrx_word' id='word_1_124' title='bbox 491 1118 838 1164; x_wconf 87' lang='lat' dir='ltr'><strong>Heimsoethius.</strong></span> <span class='ocrx_word' id='word_1_125' title='bbox 900 1132 962 1163; x_wconf 86' lang='lat' dir='ltr'><em>vs.</em></span> <span class='ocrx_word' id='word_1_126' title='bbox 992 1117 1020 1164; x_wconf 89' lang='lat'>9</span> <span class='ocrx_word' id='word_1_127' title='bbox 1058 1109 1216 1180; x_wconf 72' lang='grc' dir='ltr'><em>πράξῃ</em></span> <span class='ocrx_word' id='word_1_128' title='bbox 1250 1133 1294 1161; x_wconf 84' lang='grc' dir='ltr'><em>τι</em></span> <span class='ocrx_word' id='word_1_129' title='bbox 1328 1118 1451 1174; x_wconf 55' lang='lat' dir='ltr'><strong>cod„</strong></span> <span class='ocrx_word' id='word_1_130' title='bbox 1488 1110 1632 1181; x_wconf 82' lang='grc' dir='ltr'><em>παθῃ</em></span> <span class='ocrx_word' id='word_1_131' title='bbox 1665 1132 1708 1162; x_wconf 89' lang='grc' dir='ltr'><em>τι</em></span> <span class='ocrx_word' id='word_1_132' title='bbox 1744 1116 1917 1176; x_wconf 87' lang='lat' dir='ltr'>scripsi.</span> 
     </span>
     <span class='ocr_line' id='line_1_15' title="bbox 327 1179 1918 1248; baseline -0.001 -17"><span class='ocrx_word' id='word_1_133' title='bbox 327 1205 389 1234; x_wconf 79' lang='lat' dir='ltr'><em>v.s</em></span> <span class='ocrx_word' id='word_1_134' title='bbox 420 1188 481 1234; x_wconf 84' lang='lat'><em>12</em></span> <span class='ocrx_word' id='word_1_135' title='bbox 510 1179 732 1233; x_wconf 77' lang='grc' dir='ltr'><em>κούδὲν’</em></span> <span class='ocrx_word' id='word_1_136' title='bbox 715 1184 847 1232; x_wconf 84' lang='grc' dir='ltr'><em>ε’σται</em></span> <span class='ocrx_word' id='word_1_137' title='bbox 874 1189 1163 1248; x_wconf 80' lang='lat' dir='ltr'><strong>Musgsavius.</strong></span> <span class='ocrx_word' id='word_1_138' title='bbox 1218 1203 1278 1232; x_wconf 71' lang='lat' dir='ltr'><em>xs.</em></span> <span class='ocrx_word' id='word_1_139' title='bbox 1311 1188 1372 1234; x_wconf 87' lang='lat'><em>13</em></span> <span class='ocrx_word' id='word_1_140' title='bbox 1402 1196 1446 1233; x_wconf 87' lang='lat' dir='ltr'><em>et</em></span> <span class='ocrx_word' id='word_1_141' title='bbox 1475 1187 1538 1233; x_wconf 91' lang='lat'>14</span> <span class='ocrx_word' id='word_1_142' title='bbox 1564 1200 1669 1232; x_wconf 90' lang='lat' dir='ltr'><em>num</em></span> <span class='ocrx_word' id='word_1_143' title='bbox 1696 1185 1918 1247; x_wconf 87' lang='lat' dir='ltr'><strong>Euripidis</strong></span> 
     </span>
     <span class='ocr_line' id='line_1_16' title="bbox 327 1252 1921 1315; baseline -0.004 -11"><span class='ocrx_word' id='word_1_144' title='bbox 327 1261 417 1304; x_wconf 87' lang='lat' dir='ltr'><em>sint</em></span> <span class='ocrx_word' id='word_1_145' title='bbox 452 1259 636 1304; x_wconf 89' lang='lat' dir='ltr'><strong>dubium</strong></span> <span class='ocrx_word' id='word_1_146' title='bbox 672 1265 755 1304; x_wconf 88' lang='lat' dir='ltr'><em>est.</em></span> <span class='ocrx_word' id='word_1_147' title='bbox 807 1273 869 1304; x_wconf 89' lang='lat' dir='ltr'><em>v.s</em></span> <span class='ocrx_word' id='word_1_148' title='bbox 904 1257 964 1304; x_wconf 87' lang='lat'><em>13</em></span> <span class='ocrx_word' id='word_1_149' title='bbox 1003 1257 1180 1303; x_wconf 77' lang='lat' dir='ltr'><strong>lacunas</strong></span> <span class='ocrx_word' id='word_1_150' title='bbox 1218 1258 1418 1303; x_wconf 70' lang='lat' dir='ltr'><strong>indicaxi.</strong></span> <span class='ocrx_word' id='word_1_151' title='bbox 1471 1273 1533 1301; x_wconf 83' lang='lat' dir='ltr'><em>vs.</em></span> <span class='ocrx_word' id='word_1_152' title='bbox 1568 1256 1629 1302; x_wconf 90' lang='lat'>14</span> <span class='ocrx_word' id='word_1_153' title='bbox 1668 1252 1921 1315; x_wconf 79' lang='grc' dir='ltr'><em>δυστυχεῖν</em></span> 
     </span>
     <span class='ocr_line' id='line_1_17' title="bbox 327 1324 1921 1388; baseline -0.003 -13"><span class='ocrx_word' id='word_1_154' title='bbox 327 1329 494 1376; x_wconf 85' lang='lat' dir='ltr'><em>addidit</em></span> <span class='ocrx_word' id='word_1_155' title='bbox 520 1328 758 1374; x_wconf 77' lang='lat' dir='ltr'><strong>DobraeuS.</strong></span> <span class='ocrx_word' id='word_1_156' title='bbox 809 1328 958 1374; x_wconf 87' lang='lat' dir='ltr'><strong>locum</strong></span> <span class='ocrx_word' id='word_1_157' title='bbox 995 1342 1046 1373; x_wconf 81' lang='lat' dir='ltr'><em>ex</em></span> <span class='ocrx_word' id='word_1_158' title='bbox 1073 1328 1240 1388; x_wconf 81' lang='lat' dir='ltr'><strong>Oedipo</strong></span> <span class='ocrx_word' id='word_1_159' title='bbox 1268 1327 1322 1386; x_wconf 82' lang='lat' dir='ltr'><em>(v.</em></span> <span class='ocrx_word' id='word_1_160' title='bbox 1355 1328 1408 1373; x_wconf 82' lang='lat' dir='ltr'><em>sr.</em></span> <span class='ocrx_word' id='word_1_161' title='bbox 1438 1324 1555 1388; x_wconf 78' lang='lat'>549)</span> <span class='ocrx_word' id='word_1_162' title='bbox 1592 1329 1784 1388; x_wconf 86' lang='lat' dir='ltr'><em>petitum</em></span> <span class='ocrx_word' id='word_1_163' title='bbox 1818 1339 1921 1372; x_wconf 82' lang='lat' dir='ltr'><strong>esse</strong></span> 
     </span>
     <span class='ocr_line' id='line_1_18' title="bbox 328 1399 1009 1446; baseline -0.004 -1"><span class='ocrx_word' id='word_1_164' title='bbox 328 1402 520 1446; x_wconf 83' lang='lat' dir='ltr'><em>coniecit</em></span> <span class='ocrx_word' id='word_1_165' title='bbox 547 1399 591 1444; x_wconf 90' lang='lat' dir='ltr'><em>C.</em></span> <span class='ocrx_word' id='word_1_166' title='bbox 619 1399 689 1444; x_wconf 81' lang='lat' dir='ltr'><em>Fr.</em></span> <span class='ocrx_word' id='word_1_167' title='bbox 719 1399 1009 1444; x_wconf 80' lang='lat' dir='ltr'><strong>Hermannus.</strong></span> 
     </span>
    </p>
   </div>
   <div class='ocr_carea' id='block_1_3' title="bbox 336 1533 1927 2678">
    <p class='ocr_par' dir='ltr' id='par_1_5' title="bbox 1074 1533 1178 1586">
     <span class='ocr_line' id='line_1_19' title="bbox 1074 1533 1178 1586; baseline -0.01 0"><span class='ocrx_word' id='word_1_168' title='bbox 1074 1533 1178 1586; x_wconf 77' lang='grc'><em>902</em></span> 
     </span>
    </p>

    <p class='ocr_par' dir='ltr' id='par_1_6' title="bbox 495 1621 1252 1695">
     <span class='ocr_line' id='line_1_20' title="bbox 495 1621 1252 1695; baseline -0.004 -15"><span class='ocrx_word' id='word_1_169' title='bbox 495 1623 679 1694; x_wconf 76' lang='grc' dir='ltr'><em>ὄλβιος</em></span> <span class='ocrx_word' id='word_1_170' title='bbox 709 1621 855 1689; x_wconf 77' lang='grc' dir='ltr'><em>ὅστις</em></span> <span class='ocrx_word' id='word_1_171' title='bbox 887 1626 978 1694; x_wconf 86' lang='grc' dir='ltr'><em>τῆς</em></span> <span class='ocrx_word' id='word_1_172' title='bbox 1013 1628 1252 1695; x_wconf 76' lang='grc' dir='ltr'><em>ἱστορίας</em></span> 
     </span>
    </p>

    <p class='ocr_par' dir='ltr' id='par_1_7' title="bbox 498 1706 914 1781">
     <span class='ocr_line' id='line_1_21' title="bbox 498 1706 914 1781; baseline -0.007 -16"><span class='ocrx_word' id='word_1_173' title='bbox 498 1717 619 1781; x_wconf 70' lang='grc' dir='ltr'><em>ἔσχε</em></span> <span class='ocrx_word' id='word_1_174' title='bbox 650 1706 914 1780; x_wconf 69' lang='grc' dir='ltr'><em>μάθησιν,</em></span> 
     </span>
    </p>

    <p class='ocr_par' dir='ltr' id='par_1_8' title="bbox 496 1788 1378 1866">
     <span class='ocr_line' id='line_1_22' title="bbox 496 1788 1378 1866; baseline -0.001 -18"><span class='ocrx_word' id='word_1_175' title='bbox 496 1794 629 1866; x_wconf 87' lang='grc' dir='ltr'><em>μήτε</em></span> <span class='ocrx_word' id='word_1_176' title='bbox 662 1796 896 1848; x_wconf 74' lang='grc' dir='ltr'><em>πολιτῶν</em></span> <span class='ocrx_word' id='word_1_177' title='bbox 929 1794 1017 1847; x_wconf 85' lang='grc' dir='ltr'><em>ἐπὶ</em></span> <span class='ocrx_word' id='word_1_178' title='bbox 1048 1788 1378 1863; x_wconf 83' lang='grc' dir='ltr'><em>πημοσύνην</em></span> 
     </span>
    </p>

    <p class='ocr_par' dir='ltr' id='par_1_9' title="bbox 497 1871 1472 1949">
     <span class='ocr_line' id='line_1_23' title="bbox 497 1871 1472 1949; baseline -0.003 -16"><span class='ocrx_word' id='word_1_179' title='bbox 497 1876 611 1949; x_wconf 82' lang='grc' dir='ltr'><em>μήτ’</em></span> <span class='ocrx_word' id='word_1_180' title='bbox 652 1882 726 1941; x_wconf 80' lang='grc' dir='ltr'><em>εἰς</em></span> <span class='ocrx_word' id='word_1_181' title='bbox 757 1874 985 1940; x_wconf 77' lang='grc' dir='ltr'><em>ἀδίκους</em></span> <span class='ocrx_word' id='word_1_182' title='bbox 1016 1874 1237 1946; x_wconf 78' lang='grc' dir='ltr'><em>πράξεις</em></span> <span class='ocrx_word' id='word_1_183' title='bbox 1269 1871 1472 1946; x_wconf 73' lang='grc' dir='ltr'><em>ὁρμῶν,</em></span> 
     </span>
    </p>

    <p class='ocr_par' dir='ltr' id='par_1_10' title="bbox 499 1957 1587 2031">
     <span class='ocr_line' id='line_1_24' title="bbox 499 1957 1587 2031; baseline -0.002 -15"><span class='ocrx_word' id='word_1_184' title='bbox 499 1957 611 2016; x_wconf 79' lang='grc' dir='ltr'><em>ἀλλ’</em></span> <span class='ocrx_word' id='word_1_185' title='bbox 646 1958 930 2017; x_wconf 73' lang='grc' dir='ltr'><em>ἀθανάτου</em></span> <span class='ocrx_word' id='word_1_186' title='bbox 961 1963 1219 2029; x_wconf 74' lang='grc' dir='ltr'><em>καθορῶν</em></span> <span class='ocrx_word' id='word_1_187' title='bbox 1250 1958 1467 2031; x_wconf 77' lang='grc' dir='ltr'><em>φύσεως</em></span> <span class='ocrx_word' id='word_1_188' title='bbox 1562 1975 1587 2014; x_wconf 83' lang='lat'>5</span> 
     </span>
    </p>

    <p class='ocr_par' dir='ltr' id='par_1_11' title="bbox 501 2041 1439 2117">
     <span class='ocr_line' id='line_1_25' title="bbox 501 2041 1439 2117; baseline -0.003 -16"><span class='ocrx_word' id='word_1_189' title='bbox 501 2045 705 2116; x_wconf 80' lang='grc' dir='ltr'><em>κόσμον</em></span> <span class='ocrx_word' id='word_1_190' title='bbox 736 2041 977 2115; x_wconf 73' lang='grc' dir='ltr'><em>ἀγήρων,</em></span> <span class='ocrx_word' id='word_1_191' title='bbox 1011 2047 1086 2117; x_wconf 82' lang='grc' dir='ltr'><em>πῇ</em></span> <span class='ocrx_word' id='word_1_192' title='bbox 1117 2067 1173 2099; x_wconf 84' lang='grc' dir='ltr'><em>τε</em></span> <span class='ocrx_word' id='word_1_193' title='bbox 1204 2045 1439 2114; x_wconf 85' lang='grc' dir='ltr'><em>συνέστη</em></span> 
     </span>
    </p>

    <p class='ocr_par' dir='ltr' id='par_1_12' title="bbox 502 2125 1041 2200">
     <span class='ocr_line' id='line_1_26' title="bbox 502 2125 1041 2200; baseline -0.006 -15"><span class='ocrx_word' id='word_1_194' title='bbox 502 2131 590 2185; x_wconf 82' lang='grc' dir='ltr'><em>καὶ</em></span> <span class='ocrx_word' id='word_1_195' title='bbox 621 2125 728 2200; x_wconf 80' lang='grc' dir='ltr'><em>ὅπῃ</em></span> <span class='ocrx_word' id='word_1_196' title='bbox 762 2130 849 2183; x_wconf 87' lang='grc' dir='ltr'><em>καὶ</em></span> <span class='ocrx_word' id='word_1_197' title='bbox 881 2125 1041 2193; x_wconf 81' lang='grc' dir='ltr'><strong><em>ὅπως.</em></strong></span> 
     </span>
    </p>

    <p class='ocr_par' dir='ltr' id='par_1_13' title="bbox 501 2208 1559 2283">
     <span class='ocr_line' id='line_1_27' title="bbox 501 2208 1559 2283; baseline -0.004 -14"><span class='ocrx_word' id='word_1_198' title='bbox 501 2226 613 2278; x_wconf 79' lang='grc' dir='ltr'><em>τοῖς</em></span> <span class='ocrx_word' id='word_1_199' title='bbox 647 2213 706 2268; x_wconf 79' lang='grc' dir='ltr'><em>δὲ</em></span> <span class='ocrx_word' id='word_1_200' title='bbox 738 2210 1001 2277; x_wconf 78' lang='grc' dir='ltr'><em>τοιούτοις</em></span> <span class='ocrx_word' id='word_1_201' title='bbox 1033 2208 1280 2267; x_wconf 74' lang='grc' dir='ltr'><em>οὐδέποτ’</em></span> <span class='ocrx_word' id='word_1_202' title='bbox 1319 2212 1559 2283; x_wconf 73' lang='grc' dir='ltr'><em>αἰσχρῶν</em></span> 
     </span>
    </p>

    <p class='ocr_par' dir='ltr' id='par_1_14' title="bbox 505 2299 1268 2369">
     <span class='ocr_line' id='line_1_28' title="bbox 505 2299 1268 2369; baseline -0.004 -16"><span class='ocrx_word' id='word_1_203' title='bbox 505 2303 679 2369; x_wconf 74' lang='grc' dir='ltr'><em>ἔργων</em></span> <span class='ocrx_word' id='word_1_204' title='bbox 709 2299 984 2368; x_wconf 76' lang='grc' dir='ltr'><em>μελέδημα</em></span> <span class='ocrx_word' id='word_1_205' title='bbox 1016 2302 1268 2366; x_wconf 79' lang='grc' dir='ltr'><em>προσίζει.</em></span> 
     </span>
    </p>

    <p class='ocr_par' dir='ltr' id='par_1_15' title="bbox 443 2394 1925 2469">
     <span class='ocr_line' id='line_1_29' title="bbox 443 2394 1925 2469; baseline -0.005 -15"><span class='ocrx_word' id='word_1_206' title='bbox 443 2409 644 2454; x_wconf 81' lang='lat' dir='ltr'>Clemens</span> <span class='ocrx_word' id='word_1_207' title='bbox 680 2409 801 2454; x_wconf 76' lang='lat' dir='ltr'><strong>Alex.</strong></span> <span class='ocrx_word' id='word_1_208' title='bbox 839 2408 930 2454; x_wconf 86' lang='lat' dir='ltr'>Str.</span> <span class='ocrx_word' id='word_1_209' title='bbox 957 2407 1010 2453; x_wconf 96' lang='lat' dir='ltr'><em>lV</em></span> <span class='ocrx_word' id='word_1_210' title='bbox 1046 2422 1087 2467; x_wconf 90' lang='lat' dir='ltr'>p</span> <span class='ocrx_word' id='word_1_211' title='bbox 1117 2407 1216 2453; x_wconf 85' lang='lat'><em>634</em></span> <span class='ocrx_word' id='word_1_212' title='bbox 1244 2407 1337 2452; x_wconf 87' lang='lat' dir='ltr'><strong>sine</strong></span> <span class='ocrx_word' id='word_1_213' title='bbox 1364 2413 1526 2469; x_wconf 82' lang='lat' dir='ltr'><strong>poetae</strong></span> <span class='ocrx_word' id='word_1_214' title='bbox 1553 2419 1696 2450; x_wconf 89' lang='lat' dir='ltr'><em>nom:</em></span> <span class='ocrx_word' id='word_1_215' title='bbox 1730 2394 1925 2464; x_wconf 63' lang='grc' dir='ltr'><em>εόλβιος·</em></span> 
     </span>
    </p>

    <p class='ocr_par' dir='ltr' id='par_1_16' title="bbox 336 2466 1927 2678">
     <span class='ocr_line' id='line_1_30' title="bbox 336 2466 1925 2554; baseline -0.004 -31"><span class='ocrx_word' id='word_1_216' title='bbox 336 2503 403 2515; x_wconf 92' lang='lat'>-</span> <span class='ocrx_word' id='word_1_217' title='bbox 430 2475 688 2554; x_wconf 83' lang='grc' dir='ltr'><em>προσίζει’.</em></span> <span class='ocrx_word' id='word_1_218' title='bbox 740 2478 956 2523; x_wconf 84' lang='lat' dir='ltr'><em>Themist.</em></span> <span class='ocrx_word' id='word_1_219' title='bbox 982 2491 1029 2538; x_wconf 90' lang='lat' dir='ltr'><em>p.</em></span> <span class='ocrx_word' id='word_1_220' title='bbox 1058 2477 1155 2523; x_wconf 82' lang='lat'><em>307</em></span> <span class='ocrx_word' id='word_1_221' title='bbox 1180 2477 1232 2522; x_wconf 88' lang='lat' dir='ltr'><em>D:</em></span> <span class='ocrx_word' id='word_1_222' title='bbox 1270 2471 1351 2520; x_wconf 81' lang='grc' dir='ltr'><em>καὶ</em></span> <span class='ocrx_word' id='word_1_223' title='bbox 1376 2470 1521 2520; x_wconf 83' lang='grc' dir='ltr'><em>αὗταί</em></span> <span class='ocrx_word' id='word_1_224' title='bbox 1544 2471 1666 2519; x_wconf 80' lang='grc' dir='ltr'><em>εἰσιν</em></span> <span class='ocrx_word' id='word_1_225' title='bbox 1693 2490 1750 2529; x_wconf 84' lang='grc' dir='ltr'><em>ας</em></span> <span class='ocrx_word' id='word_1_226' title='bbox 1777 2466 1925 2550; x_wconf 79' lang='grc' dir='ltr'><em>Εὐρι-</em></span> 
     </span>
     <span class='ocr_line' id='line_1_31' title="bbox 337 2532 1927 2608; baseline -0.004 -14"><span class='ocrx_word' id='word_1_227' title='bbox 337 2540 529 2608; x_wconf 54' lang='lat' dir='ltr'><em>nldyg‘g</em></span> <span class='ocrx_word' id='word_1_228' title='bbox 509 2563 533 2592; x_wconf 93' lang='grc' dir='ltr'><em>ο</em></span> <span class='ocrx_word' id='word_1_229' title='bbox 569 2539 719 2606; x_wconf 81' lang='grc' dir='ltr'><em>σοφὸς</em></span> <span class='ocrx_word' id='word_1_230' title='bbox 745 2540 855 2592; x_wconf 78' lang='grc' dir='ltr'><em>οὔτε</em></span> <span class='ocrx_word' id='word_1_231' title='bbox 891 2544 1101 2593; x_wconf 78' lang='grc' dir='ltr'><em>πολιτῶν</em></span> <span class='ocrx_word' id='word_1_232' title='bbox 1128 2542 1280 2604; x_wconf 83' lang='grc' dir='ltr'><em>φησὶν</em></span> <span class='ocrx_word' id='word_1_233' title='bbox 1308 2540 1384 2591; x_wconf 81' lang='grc' dir='ltr'><em>ἐπὶ</em></span> <span class='ocrx_word' id='word_1_234' title='bbox 1411 2555 1573 2605; x_wconf 84' lang='grc' dir='ltr'><em>πημοσ</em></span> <span class='ocrx_word' id='word_1_235' title='bbox 1593 2538 1697 2598; x_wconf 85' lang='grc' dir='ltr'><em>’νας</em></span> <span class='ocrx_word' id='word_1_236' title='bbox 1723 2532 1829 2588; x_wconf 82' lang='grc' dir='ltr'><em>ουτ’</em></span> <span class='ocrx_word' id='word_1_237' title='bbox 1861 2539 1927 2597; x_wconf 82' lang='grc' dir='ltr'><em>εἰς</em></span> 
     </span>
     <span class='ocr_line' id='line_1_32' title="bbox 337 2604 1927 2678; baseline -0.005 -14"><span class='ocrx_word' id='word_1_238' title='bbox 337 2610 536 2673; x_wconf 76' lang='grc' dir='ltr'><em>ἀδίκους</em></span> <span class='ocrx_word' id='word_1_239' title='bbox 572 2611 768 2676; x_wconf 78' lang='grc' dir='ltr'><em>πράξεις</em></span> <span class='ocrx_word' id='word_1_240' title='bbox 812 2607 997 2678; x_wconf 79' lang='grc' dir='ltr'><em>ὁρμᾶν,</em></span> <span class='ocrx_word' id='word_1_241' title='bbox 1034 2604 1140 2661; x_wconf 69' lang='grc' dir='ltr'><em>ἀλλ’</em></span> <span class='ocrx_word' id='word_1_242' title='bbox 1177 2608 1435 2662; x_wconf 72' lang='grc' dir='ltr'><em>ἆθαιάτου</em></span> <span class='ocrx_word' id='word_1_243' title='bbox 1480 2613 1707 2672; x_wconf 80' lang='grc' dir='ltr'><em>καθορᾶν</em></span> <span class='ocrx_word' id='word_1_244' title='bbox 1751 2605 1927 2672; x_wconf 81' lang='grc' dir='ltr'><em>φύσιος</em></span> 
     </span>
    </p>
   </div>
   <div class='ocr_carea' id='block_1_4' title="bbox 340 2677 1929 2818">
    <p class='ocr_par' dir='ltr' id='par_1_17' title="bbox 340 2677 1929 2818">
     <span class='ocr_line' id='line_1_33' title="bbox 340 2677 1929 2763; baseline -0.003 -29"><span class='ocrx_word' id='word_1_245' title='bbox 340 2682 522 2748; x_wconf 79' lang='grc' dir='ltr'><em>κόσμον</em></span> <span class='ocrx_word' id='word_1_246' title='bbox 557 2677 740 2749; x_wconf 73' lang='grc' dir='ltr'><em>ἀγήρω.</em></span> <span class='ocrx_word' id='word_1_247' title='bbox 793 2703 855 2733; x_wconf 82' lang='lat' dir='ltr'><em>vs.</em></span> <span class='ocrx_word' id='word_1_248' title='bbox 889 2688 915 2733; x_wconf 88' lang='lat'>1</span> <span class='ocrx_word' id='word_1_249' title='bbox 951 2677 1087 2745; x_wconf 81' lang='grc' dir='ltr'><em>τῆσδ’</em></span> <span class='ocrx_word' id='word_1_250' title='bbox 1128 2683 1342 2763; x_wconf 82' lang='grc' dir='ltr'><em>ἱστορίας</em></span> <span class='ocrx_word' id='word_1_251' title='bbox 1376 2686 1539 2732; x_wconf 81' lang='lat' dir='ltr'><em>malim.</em></span> <span class='ocrx_word' id='word_1_252' title='bbox 1587 2699 1649 2729; x_wconf 87' lang='lat' dir='ltr'><em>vs.</em></span> <span class='ocrx_word' id='word_1_253' title='bbox 1680 2684 1708 2731; x_wconf 91' lang='lat'>6</span> <span class='ocrx_word' id='word_1_254' title='bbox 1743 2684 1929 2743; x_wconf 67' lang='lat' dir='ltr'><em>respicit</em></span> 
     </span>
     <span class='ocr_line' id='line_1_34' title="bbox 340 2745 1927 2818; baseline -0.006 -13"><span class='ocrx_word' id='word_1_255' title='bbox 340 2760 498 2805; x_wconf 82' lang='lat' dir='ltr'>Pollux</span> <span class='ocrx_word' id='word_1_256' title='bbox 524 2759 697 2818; x_wconf 82' lang='lat'>2,14:</span> <span class='ocrx_word' id='word_1_257' title='bbox 735 2752 818 2801; x_wconf 78' lang='grc' dir='ltr'><em>καὶ</em></span> <span class='ocrx_word' id='word_1_258' title='bbox 846 2751 1059 2802; x_wconf 77' lang='grc' dir='ltr'><em>Πλάτων</em></span> <span class='ocrx_word' id='word_1_259' title='bbox 1095 2748 1179 2801; x_wconf 83' lang='grc' dir='ltr'><em>τὸν</em></span> <span class='ocrx_word' id='word_1_260' title='bbox 1205 2746 1370 2818; x_wconf 76' lang='grc' dir='ltr'><em>ἆγηρω</em></span> <span class='ocrx_word' id='word_1_261' title='bbox 1407 2748 1612 2814; x_wconf 86' lang='grc' dir='ltr'><em>κόσμον·</em></span> <span class='ocrx_word' id='word_1_262' title='bbox 1652 2745 1927 2812; x_wconf 74' lang='grc' dir='ltr'><em>Ευριπίδης</em></span> 
     </span>
    </p>
   </div>
   <div class='ocr_carea' id='block_1_5' title="bbox 341 2795 1931 2961">
    <p class='ocr_par' dir='ltr' id='par_1_18' title="bbox 341 2795 1931 2960">
     <span class='ocr_line' id='line_1_35' title="bbox 342 2795 1926 2903; baseline -0.005 -29"><span class='ocrx_word' id='word_1_263' title='bbox 342 2824 442 2874; x_wconf 85' lang='grc' dir='ltr'><em>δὲ</em></span> <span class='ocrx_word' id='word_1_264' title='bbox 431 2795 611 2889; x_wconf 80' lang='grc' dir='ltr'><em>;όσμδν</em></span> <span class='ocrx_word' id='word_1_265' title='bbox 646 2819 860 2903; x_wconf 76' lang='grc' dir='ltr'><em>ἆγηρω</em></span> <span class='ocrx_word' id='word_1_266' title='bbox 848 2829 908 2871; x_wconf 87' lang='lat' dir='ltr'><em>in</em></span> <span class='ocrx_word' id='word_1_267' title='bbox 947 2827 1177 2873; x_wconf 85' lang='lat' dir='ltr'><strong>codicibus</strong></span> <span class='ocrx_word' id='word_1_268' title='bbox 1220 2826 1448 2872; x_wconf 83' lang='lat' dir='ltr'><strong>nonnullis</strong></span> <span class='ocrx_word' id='word_1_269' title='bbox 1484 2827 1591 2870; x_wconf 82' lang='lat' dir='ltr'>haec</span> <span class='ocrx_word' id='word_1_270' title='bbox 1627 2822 1926 2883; x_wconf 85' lang='lat' dir='ltr'><em>omittuntur).</em></span> 
     </span>
     <span class='ocr_line' id='line_1_36' title="bbox 341 2885 1931 2961; baseline -0.004 -19"><span class='ocrx_word' id='word_1_271' title='bbox 341 2888 540 2961; x_wconf 74' lang='grc' dir='ltr'><em>αγήρων</em></span> <span class='ocrx_word' id='word_1_272' title='bbox 578 2900 765 2959; x_wconf 87' lang='lat' dir='ltr'><strong>scripsi,</strong></span> <span class='ocrx_word' id='word_1_273' title='bbox 797 2885 965 2958; x_wconf 81' lang='grc' dir='ltr'><em>ἆγηρω</em></span> <span class='ocrx_word' id='word_1_274' title='bbox 998 2897 1133 2942; x_wconf 88' lang='lat' dir='ltr'>Clem.</span> <span class='ocrx_word' id='word_1_275' title='bbox 1161 2897 1225 2942; x_wconf 81' lang='lat' dir='ltr'><em>Al.</em></span> <span class='ocrx_word' id='word_1_276' title='bbox 1265 2898 1473 2942; x_wconf 75' lang='lat' dir='ltr'><em>Themist</em></span> <span class='ocrx_word' id='word_1_277' title='bbox 1511 2894 1619 2940; x_wconf 89' lang='lat' dir='ltr'><strong>Poll.</strong></span> <span class='ocrx_word' id='word_1_278' title='bbox 1670 2909 1733 2939; x_wconf 73' lang='lat' dir='ltr'><em>vs.</em></span> <span class='ocrx_word' id='word_1_279' title='bbox 1766 2893 1793 2940; x_wconf 83' lang='lat'>7</span> <span class='ocrx_word' id='word_1_280' title='bbox 1829 2885 1931 2956; x_wconf 79' lang='grc' dir='ltr'><em>ὅπῃ</em></span> 
     </span>
    </p>
   </div>
  </div>
 </body>
</html>
