2077 3139
346 122 444 175 162
971 121 1317 166 ΠΕΙΡΙΘΟΤΣ

1088 260 1191 313 600

509 349 707 422 τρόπος
740 351 799 408 δὲ
831 350 1058 424 χρηστὸς
1090 348 1494 421 ἀσφαλέστερος
1525 346 1724 421 νόμου’

509 433 605 492 τὸν
635 435 736 508 μὲν
765 433 869 506 γὰρ
899 433 1088 499 οὐδεὶς
1119 429 1189 489 ἂν
1223 436 1545 507 διαστρέψαι
1577 434 1708 489 ποτὲ

512 518 693 591 λόγοις
727 518 969 588 δύναιτο,
1001 518 1096 574 τὸν
1129 515 1173 574 δ’
1208 515 1323 574 ἅνω
1354 540 1412 573 τε
1444 520 1533 573 καὶ
1568 516 1713 573 κάτω

515 603 695 676 ρ”ήτωρ
727 601 1017 675 ταράσσων
1048 599 1306 667 πολλάκις
1339 608 1672 674 λυμαίνεται.

447 701 719 747 Stoh.F101-.
748 701 830 759 37,
862 700 947 748 15:
976 696 1237 758 Πειρίθου.
1284 692 1489 775 τρόπος
1514 725 1583 731 -
1610 695 1807 758 λυμαίνε
1796 699 1921 742 ται’

342 787 405 818 vs.
437 771 466 819 3
495 764 654 833 λόγοις
681 764 878 815 δύναιτο
906 771 1094 831 scripsi,
1131 765 1292 830 ῥήτωρ
1321 761 1521 813 δύναιτο
1548 770 1663 815 libri.
1714 785 1776 815 vs.
1804 768 1836 813 4
1862 761 1939 812 λό-

341 856 446 904 γοις
470 837 726 903 ταρασσων
748 842 876 900 libri,
905 834 1066 904 ρἠτωρ
1088 850 1376 915 ταρασσων
1362 841 1539 900 «αἱρεῖ.
1567 839 1645 885 sed
1664 853 1745 900 pro
1765 830 1939 894 ταράσ-

343 925 442 957 σων
465 913 560 958 vide
585 927 639 958 an
664 910 887 972 navofiffl
893 924 944 966 ος
969 910 1036 956 vel
1063 900 1275 971 πονηρὸς
1301 910 1628 955 restituendum
1656 911 1732 956 sit.
1755 910 1812 955 cf.
1825 910 1938 954 Men.

345 997 465 1029 mon.
494 983 591 1030 709
629 984 720 1028 sive
758 983 886 1042 Greg.
913 982 1015 1027 Naz.
1049 981 1134 1026 v.01
1163 981 1191 1026 2
1228 995 1271 1041 p.
1304 980 1401 1026 154
1429 980 1481 1025 C.
1539 972 1699 1040 ῥητωρ
1726 973 1941 1039 πονηρὸς

343 1067 455 1108 τους
481 1044 659 1113 νόμους
695 1050 809 1113 (τοῖς
843 1046 1014 1111 νόμοις
1049 1052 1161 1097 Men.
1197 1051 1334 1108 mon.)
1376 1046 1673 1109 λυμαίνεται.
1733 1051 1838 1096 huic
1877 1049 1940 1094 fa·

345 1123 479 1170 hulae
504 1124 651 1170 locum
677 1123 911 1169 vindicavit
936 1122 1084 1168 Valek.

1092 1200 1192 1251 601

512 1276 587 1335 ὁ
572 1282 781 1351 πρῶτος
816 1275 986 1333 εἰπών
1016 1274 1116 1332 οὐκ
1146 1274 1475 1350 ἆγιμναστω
1506 1277 1670 1346 φρενὶ

512 1368 736 1434 ἔρριψεν
765 1382 911 1427 οστις
940 1358 1084 1417 τόνὸ’
1122 1362 1395 1416 ἐκαίνισεν
1426 1357 1607 1430 λόγον,

517 1445 589 1512 ὡς
620 1459 794 1503 τοῖσιν
826 1447 887 1501 εὖ
918 1447 1191 1517 φρονοῦσι
1223 1456 1498 1516 συμμαχει
1524 1442 1674 1515 τύχη,

451 1544 577 1590 Stoi).
608 1544 695 1590 Eoi.
727 1543 774 1603 2,
803 1543 851 1602 7,
877 1543 908 1587 4
937 1558 979 1619 p
996 1542 1119 1589 336:
1148 1531 1742 1617 ΕὖριπίὸουΠειρίθῳ.
1758 1532 1783 1585 ὁ
1812 1537 1940 1596 πρῶ-

347 1627 428 1672 τος
463 1639 535 1647 -
570 1606 732 1673 τύχηῆ
784 1628 845 1658 vs.
874 1613 903 1660 3
942 1628 1002 1667 ως
1028 1610 1201 1672 τοῖσιν]
1232 1615 1384 1658 πᾶσιν
1410 1627 1504 1672 γαρ
1531 1612 1642 1656 Men.
1672 1625 1792 1656 mon.
1820 1609 1938 1657 462.

1092 1704 1196 1757 602

452 1785 721 1927 Ηεῗῗοῖτξιες’
704 1862 888 1924 ξ’·φεξις
915 1857 1074 1928 χάριν,
1105 1859 1264 1910 ἕνεκα.
1304 1857 1499 1924 ἐποχήν,
1526 1855 1790 1940 πρόφασιν.
1842 1851 1939 1907 Εὗ-

351 1933 548 1997 ριπίὸης
563 1933 815 2017 Πειρίθῳ.
843 1936 993 1982 Schol.
1021 1939 1095 1982 Ar.
1111 1936 1242 1996 Vesp.
1259 1935 1384 1982 338:
1423 1922 1555 1996 παρὰ
1581 1929 1632 1980 δὲ
1658 1933 1756 1988 τοῖς
1780 1947 1940 1994 τραγι-

346 2007 452 2063 κοῖς
479 2003 639 2066 ἕφεξις
664 1995 696 2068 ἡ
720 1999 976 2069 πρόφασις.
1097 2070 1199 2123 603

513 2150 715 2220 θρᾶξαι

387 2313 400 2331 Ι
451 2245 667 2307 Hesych.:
707 2243 913 2306 θρᾶξαι·
950 2237 1167 2305 ταράξαι,
1208 2242 1434 2303 λυπῆσαι.
1509 2230 1783 2302 Εὐριπίδης
1818 2240 1940 2286 Πει-

349 2317 494 2380 9⁶³92·
960 2381 1329 2423 ΠΕΛῙΑΔΕΣ

452 2471 551 2516 vita
577 2472 727 2531 Eurip.
757 2486 798 2531 p.
830 2470 944 2527 135,
972 2469 1062 2516 30.
1112 2459 1199 2529 ἤρς
1204 2483 1288 2513 ατο
1333 2462 1384 2514 δὲ
1418 2459 1667 2512 διδασκειν
1704 2460 1783 2512 ἐπὶ
1811 2464 1940 2509 Καλ-

348 2538 455 2586 λίου
481 2534 717 2617 ἄρχοντος
745 2530 854 2584 κατ’
887 2529 1164 2599 ὀλυμπιαόα
1189 2530 1557 2615 ὀγδοηκοστὴν
1544 2530 1765 2594 πρώτην·
1809 2533 1939 2617 πρῶ-

347 2625 431 2657 τον
460 2598 501 2654 δ’
535 2606 718 2668 ἐδίδαξε
739 2602 821 2665 τὰς
843 2604 1127 2664 Πελιαδας’
1109 2607 1241 2655 ε’τει
1228 2604 1423 2674 πρώτῳ,
1450 2599 1530 2653 ὅτε
1555 2602 1637 2651 καὶ
1664 2604 1818 2665 τρίτος
1844 2601 1940 2665 ἐγέ·

349 2695 473 2727 νετο.
524 2682 577 2727 de
611 2688 876 2742 argumento
912 2696 1050 2741 pauca
1090 2680 1224 2725 tradit
1258 2680 1402 2724 Moses
1429 2678 1728 2723 Chorenensis
1763 2678 1807 2720 in
1834 2676 1941 2720 Pro·

348 2766 497 2812 gymn.
524 2751 640 2798 libro
667 2751 721 2795 111
749 2751 803 2809 (ν.
829 2751 928 2795 Maii
955 2750 1114 2795 Euseb.
1144 2750 1306 2795 Chron.
1334 2765 1375 2809 p.
1404 2744 1513 2809 43):
1555 2748 1811 2805 Euripides
1838 2752 1939 2791 tra-

347 2826 482 2881 yicus
519 2847 582 2854 —
618 2825 668 2868 in
701 2824 760 2867 iis
793 2834 917 2880 quae
953 2823 1008 2866 de
1035 2821 1205 2866 Medea
1242 2820 1398 2879 refert
1425 2824 1664 2864 extremos
1689 2817 1943 2861 mentiendi

346 2893 467 2951 fines
493 2895 690 2952 attinyz't.
742 2894 809 2936 ait
835 2895 953 2937 enim
978 2894 1131 2950 ipsam
1156 2893 1382 2936 societate
1408 2902 1512 2934 cum
1539 2887 1712 2933 Iasone
1738 2887 1939 2946 quodam
