2077 3139
634 122 1007 165 FABVLARVM
1034 122 1258 168 FRAGM.
1488 159 1490 162 ,
1636 122 1739 176 245

152 259 292 324 ἔχει’.
344 279 407 310 vs.
438 265 462 310 1
506 259 559 310 ἐν
591 265 749 309 θεοῖσι
786 255 980 327 μα’ντις]
1025 258 1195 324 μάντις
1239 259 1290 310 ἐν
1325 266 1519 311 θεοῖσιν
1553 282 1591 311 v.
1627 267 1654 311 l.
1693 269 1737 312 in

151 334 316 392 Schol.‚
345 335 463 395 quod
491 335 829 394 praeferendum
858 336 1043 381 videtur.

316 554 428 612 ἀλλ’
462 556 687 629 αἰσχρὸν
721 563 897 615 εἰπεῖν
928 560 1018 614 καὶ
1049 564 1327 630 σιωπῆσαι
1358 558 1516 630 βαρύ.

254 655 328 700 Ar.
365 654 466 714 Lys.
507 655 629 701 713:
668 644 795 698 «ἀλλ’
821 681 890 689 -
925 650 1098 715 βαρύ’.
1161 656 1234 702 ubi
1271 656 1469 702 Scholia:
1507 651 1553 712 ἐξ
1587 644 1731 716 Εὐρι.

150 719 312 768 πίδου.

892 789 991 841 877

314 882 480 950 τηλοῦ
509 877 614 949 γὰρ
645 887 813 935 οἴκων
844 885 1030 950 βίοτον
1063 878 1447 952 ἐξιὸρυσαμην.

250 977 326 1020 Ar.
370 976 480 1021 Nub.
530 975 649 1022 138:
696 967 955 1035 σύγγνωθί
995 989 1102 1053 μοι·
1146 975 1294 1035 τηλοῦ
1337 993 1430 1052 γαρ
1476 973 1598 1022 οἰκῶ
1639 974 1736 1023 τῶν

147 1032 326 1119 ἀγρῶν.
376 1045 449 1090 ubi
478 1045 652 1091 Schol.:
688 1041 901 1090 λέλεκται
930 1040 981 1090 δὲ
1014 1035 1131 1091 αὐτὸ
1158 1062 1290 1103 παρα
1323 1037 1374 1091 τὸ
1402 1037 1736 1107 Ευριπίὸειον,

148 1105 234 1160 ὅπε
214 1129 264 1175 cp
290 1109 445 1169 οὕτως
472 1111 566 1174 ἔχει
595 1113 772 1172 ςτηλοῦ
796 1141 866 1148 -
892 1109 1262 1175 ἔξιδρυσαμην’.

896 1251 998 1303 878

314 1337 536 1410 ἄληθες,
569 1362 611 1394 ω
643 1353 746 1396 παῖ
771 1345 865 1411 τῆς
895 1346 1201 1405 θαλασσίας
1234 1344 1403 1410 θεοῦς

252 1439 323 1480 Α“ι·
350 1436 606 1483 Ra11.840:
643 1426 854 1495 ἄληθες,
885 1432 921 1482 ὠ
946 1437 1040 1481 παῖ
1060 1435 1144 1496 τῆς
1177 1427 1442 1497 ἀρουραίας
1476 1435 1623 1498 θεοῦ;
1664 1438 1737 1484 ubi

148 1507 346 1552 Scholia:
383 1502 573 1567 εἴρηται
611 1501 661 1552 ὁὲ
696 1496 720 1550 ὁ
757 1505 913 1565 στίχος
947 1522 1080 1564 παρα
1115 1501 1174 1552 τα
1217 1500 1489 1568 Εὐριπίδου
1527 1499 1737 1566 εἄληθες

150 1601 212 1609 -
241 1573 404 1621 θεοῦ’.
455 1576 584 1621 verba
621 1591 705 1634 της
730 1575 998 1632 θαλασσίας
1025 1575 1148 1622 θεοῦ
1186 1587 1425 1624 recurrunt
1459 1579 1590 1623 RheS.
1620 1578 1734 1624 974.

148 1646 204 1691 cs.
232 1646 428 1705 Alciphr.
460 1647 514 1704 1,
545 1646 633 1704 19,
665 1648 715 1691 1;
753 1644 838 1704 τῆς
872 1645 1134 1702 θαλαττίας
1167 1648 1294 1693 θεοῦ
1326 1641 1559 1705 τεκούσης
1596 1646 1735 1691 τοῦτο

148 1707 200 1759 τὸ
227 1712 442 1761 παιδίον.
494 1716 688 1761 sortasse
725 1718 913 1762 eundem
940 1731 1116 1762 versum
1152 1717 1260 1762 lusit
1286 1717 1410 1762 Plato
1440 1718 1560 1763 Com.
1589 1719 1675 1763 vol.
1705 1717 1733 1764 2

149 1799 190 1845 p.
221 1785 343 1831 661:
370 1778 397 1829 ὁ
426 1786 674 1845 Καρκίνου
702 1787 815 1840 ,ταῖς
842 1785 927 1831 τοῦ
954 1783 1220 1831 θαλαττίου
1246 1785 1384 1832 θεοῦ.

896 1921 997 1973 879

316 2014 456 2082 μισῶ
488 2016 715 2082 πολίτην
744 2008 890 2076 ὅστις
922 2009 1158 2082 ὠφελεῖν
1190 2010 1402 2081 πάτραν

317 2094 524 2164 βραδὺς
556 2108 829 2165 φανεῖται,
859 2094 1067 2167 μεγάλα
1105 2096 1163 2151 δὲ
1196 2095 1460 2166 βλάπτειν
1489 2093 1673 2168 ταχύς,

318 2180 406 2233 καὶ
437 2177 668 2249 πόριμον
698 2177 864 2253 αὐτῷ,
895 2182 962 2250 τῇ
991 2177 1145 2234 πόλει
1177 2177 1226 2234 δ’
1263 2177 1556 2250 ἀμήχανον.

256 2276 331 2318 ΑΓ.
369 2275 476 2319 Ran.
518 2275 675 2320 1427:
711 2278 845 2317 ETP.
884 2274 1039 2333 (μισῶ
1072 2301 1142 2307 —
1174 2265 1470 2335 ἀμήχανονῆ
1522 2291 1571 2321 ex
1608 2277 1728 2321 Euri-

151 2344 278 2403 pidea
309 2344 537 2404 tragoedia
565 2345 647 2389 hos
674 2359 827 2390 versus
854 2346 1145 2405 depromptos
1172 2360 1270 2390 esse
1297 2346 1618 2405 Aristophanes
1643 2347 1739 2407 ipse

152 2415 327 2458 indicat.

899 2479 1001 2532 880

319 2564 534 2639 βέβληκ’
565 2565 838 2640 Ἀχιλλεύς
872 2568 971 2624 δύο
1003 2567 1154 2640 κύβω
1186 2571 1277 2625 καὶ
1306 2572 1542 2640 τέσσαρα

257 2667 331 2709 Ar.
369 2667 472 2711 Rau.
513 2666 666 2712 1400:
714 2657 942 2728 (βέβληκ’
985 2691 1043 2699 -
1086 2661 1166 2710 καὶ
1211 2662 1456 2747 τέτταρα’.
1517 2666 1737 2726 Euripidis

155 2747 255 2779 esse
280 2749 453 2780 versum
480 2736 566 2780 loci
594 2749 731 2780 nexus
757 2736 933 2795 probat.
983 2737 1132 2782 sedem
1160 2751 1313 2782 versus
1350 2739 1486 2796 ipsit,
1463 2737 1737 2781 ‘’rammatici

156 2803 436 2850 Alexandrini
486 2807 776 2863 ignorarunt,
836 2806 876 2849 id
910 2806 1049 2882 quod
1098 2807 1230 2851 docet
1279 2806 1561 2852 Scholiorum
1612 2806 1738 2879 ipcus

155 2875 355 2929 quamvis
407 2877 598 2934 pessime
661 2875 861 2919 habitus:
910 2864 1212 2939 Ἀρίσταρχος
1260 2871 1411 2935 φησὶν
1460 2865 1545 2920 ἅδε
1549 2868 1738 2929 σπότως
