2077 3139
586 113 955 155 FABVLARVM
972 111 1195 154 FRAGM.
1475 157 1481 162 ,
1585 110 1686 163 283

98 273 143 335 p.
173 256 315 316 155),
350 256 425 303 ubi
450 254 574 301 θεοῦ
598 272 691 316 γαρ
729 250 872 314 χωρὶς
907 247 1068 309 οὐδεὶς
1102 244 1297 313 εὐτυχεῖ
1321 251 1527 331 βροτῶν
1580 258 1686 300 item

99 328 142 371 in
169 328 302 372 Anth.
331 327 422 373 Pal.
455 326 688 384 10‚107:
724 316 1014 383 Εὐριπίδου.
1069 322 1221 369 ’θεοῦ
1248 319 1336 383 μὲν
1363 314 1496 379 ἐκτὸς
1525 316 1686 380 οὐδεὶς

102 387 257 457 (οὔτις
283 392 476 457 Iacobs.)
515 385 710 454 εὐτυχεῖ
727 389 927 454 βροτός’
934 434 943 442 ,
994 394 1048 440 cf.
1081 394 1173 439 101).
1203 395 1349 453 Lydus
1385 395 1439 440 de
1466 409 1606 440 mens.
1635 395 1685 452 4,

102 466 130 510 7
166 481 210 526 p.
249 467 340 524 55,
378 467 423 512 6.
474 480 538 510 vs.
569 465 597 509 2
634 466 770 523 μεῖον
807 473 906 510 ante
936 465 1284 509 Valckenarium.
1337 480 1400 509 vs.
1431 464 1460 511 3
1498 477 1684 525 προμη-

98 532 214 590 θίας
244 536 571 581 Valckenarius

265 702 329 759 τὰ
359 710 585 759 πλεῖστα
614 712 841 774 θνητοῖς
871 707 981 757 τῶν
1013 706 1196 758 κακῶν
1227 699 1545 771 αὐθαίρετα.

202 800 326 846 Stoh.
358 800 444 844 Eoi.
476 799 523 857 2,
553 801 611 858 7,
641 800 703 844 11
731 815 774 859 p.
803 799 928 846 340:
963 791 1047 843 (τὰ
1072 799 1270 844 πλεῖστα
1292 826 1354 831 —
1373 790 1685 856 αὕθαίρετα’.

99 870 353 930 insequenti
379 870 601 929 Euripidis
639 869 738 914 loco
767 867 851 914 τοῦ
876 859 1027 914 αὐτοῦ
1062 870 1335 930 praefigitur.
1389 871 1505 916 idem
1533 886 1689 917 versus

99 940 267 1000 legitur
292 942 334 985 in
363 940 471 984 Men.
499 954 619 985 mon.
646 939 762 986 499.

839 1060 972 1112 1016

266 1147 367 1206 οὐκ
399 1157 546 1206 ἔστιν
578 1147 770 1220 ἀρετῆς
801 1153 973 1221 κτῆμα
1005 1148 1350 1222 τιμιώτερον·

269 1231 334 1289 οὐ
365 1232 467 1304 γὰρ
499 1236 711 1304 πέφυκε
742 1239 945 1289 δοῦλον
976 1234 1100 1290 οὔτε
1130 1234 1419 1306 χρημάτων

268 1314 378 1373 οὔτ’
413 1314 690 1386 εὐγενείας
721 1315 846 1372 οὔτε
877 1323 1122 1382 θωπείας
1151 1316 1330 1389 ὄχλου.

268 1399 431 1472 ἀρετὴ
466 1399 541 1470 δ’,
573 1398 788 1475 ὅσῳπερ
820 1404 1026 1472 μᾶλλον
1056 1396 1125 1457 ἂν
1155 1406 1393 1474 χρῆσθαι
1425 1402 1615 1474 θέλῃς,

267 1488 475 1559 τοσῷδε
506 1488 712 1555 μᾶλλον
744 1482 961 1551 αὔξεται
990 1487 1303 1556 τελουμένη.
1621 1502 1647 1542 5

207 1582 330 1628 Stob.
358 1582 475 1626 Flor.
514 1583 571 1638 1,
610 1582 637 1628 6
675 1584 767 1627 sine
802 1583 1032 1628 lemmate:
1071 1582 1190 1626 ουκ
1229 1578 1358 1626 ἔστιν
1386 1608 1448 1614 -
1488 1583 1691 1627 τελειου-

102 1647 266 1712 μένη’.
321 1652 543 1711 Euripidis
580 1665 677 1696 esse
713 1653 861 1697 locum
899 1653 1029 1698 docet
1053 1654 1188 1699 Orion
1215 1652 1603 1712 Flor.Eu1-ip.21
1646 1668 1692 1712 p.

105 1723 232 1779 266,
261 1721 342 1766 21.
390 1736 453 1766 vs.
480 1721 509 1767 3
547 1713 813 1783 εὐγενείας]
851 1709 1114 1780 ἀσφαλείας
1153 1722 1277 1767 8101).
1328 1712 1493 1782 ὄχλου]
1538 1712 1693 1780 όχλων

102 1793 174 1838 Or.
214 1807 275 1836 v.s
303 1791 335 1835 4
355 1798 398 1835 et
419 1791 448 1837 5
480 1791 669 1836 soltasse
692 1806 713 1835 a
740 1794 1018 1852 praegressis
1046 1793 1279 1837 dirimendi
1308 1799 1438 1848 sunt3
1466 1807 1520 1837 an
1546 1783 1691 1857 ἆρετη

104 1877 167 1906 vs.
194 1861 226 1906 4
263 1861 307 1905 in
333 1850 458 1918 αύτη
483 1860 773 1906 mutandum?
824 1877 887 1907 vs.
918 1861 947 1908 5
983 1858 1242 1921 τελουμένη
1270 1863 1341 1911 Or
1350 1848 1694 1922 ,τελειουμένη

103 1931 227 1978 Stob.
834 1996 964 2048 1017

271 2082 434 2157 ἀρετὴ
464 2087 717 2157 μέγιστον
747 2089 856 2141 τῶν
889 2089 947 2142 ἐν
978 2085 1294 2158 ἀνθρώποις
1327 2086 1512 2144 καλόν.

210 2181 334 2227 Stob.
363 2183 480 2228 Flor.
515 2184 559 2241 1,
588 2184 631 2228 7.
683 2181 843 2228 καλῶν
868 2185 1126 2230 Meinektus.

829 2319 961 2370 1018

273 2405 332 2461 τὸ
363 2404 436 2478 μὴ
471 2408 676 2462 εἰδέναι
705 2427 765 2463 σε
796 2410 969 2478 μηδὲν
1002 2399 1080 2463 ὧν
1110 2404 1454 2480 ἁμαρτάνεις,

277 2497 517 2561 ἔκκαυμα
548 2489 744 2562 τόλμης
777 2490 968 2547 ἱκανόν
1000 2495 1110 2546 ἐστι
1142 2494 1233 2547 καὶ
1263 2491 1522 2565 θράσους.

213 2586 338 2633 Stob.
363 2587 481 2632 Flor.
509 2588 566 2644 4,
595 2588 639 2632 2.
691 2588 917 2634 Menandri
953 2590 1107 2649 potius
1142 2603 1242 2634 esse
1269 2589 1414 2635 locum
1452 2603 1582 2649 quam
1609 2591 1693 2636 Eu-

109 2657 264 2717 ripidis
289 2659 446 2702 statuit
471 2657 710 2704 Dobraeus.

272 2851 331 2908 τὸ
364 2851 415 2908 δ’
452 2850 565 2909 03κύ
596 2855 754 2910 τοῦτο
786 2856 875 2910 καὶ
906 2853 963 2910 τὸ
996 2852 1265 2927 λαιψηρὸν
1296 2858 1520 2927 φρενῶν
