2077 3139
359 135 461 189 154
1004 137 1324 180 OINOMAOZ

463 282 662 327 Clemens
698 279 820 328 Alex.
863 283 1026 329 Strom.
1056 282 1109 327 Vl
1144 297 1189 342 p.
1221 282 1344 328 746:
1381 271 1661 341 Εὐριπίδου
1693 277 1747 330 δὲ
1780 278 1831 328 ἐν
1866 278 1954 342 μὲν

355 350 425 416 τῷ
464 343 692 418 Οἰνομάῳ
726 345 1006 414 γράφοντος
1052 345 1477 412 (τεκμαιρόμεσθα
1514 378 1578 386 -
1616 343 1861 414 τᾶφανῆ’,
1903 349 1953 398 ἐν

358 418 409 467 δὲ
433 419 504 486 τῷ
533 420 733 467 Φοίνικι
759 418 858 469 κτὲ.
910 422 1091 483 repetiit
1118 423 1428 468 Theodoretus
1454 422 1543 468 vol
1568 422 1602 468 4
1628 439 1671 484 p.
1702 424 1818 471 881.
1868 425 1953 470 Eu-

354 493 514 551 ripidis
551 506 726 538 versum
770 493 967 539 sortasse
1004 494 1190 552 respicit
1231 493 1512 567 Nicephorus
1549 493 1775 538 Chumnus
1810 493 1950 569 Epist.

356 561 422 608 84
449 566 492 606 in
520 562 664 608 Boiss.
690 565 852 609 Anecd.
882 578 982 609 nov.
1010 577 1052 622 p
1085 563 1209 610 106:
1245 553 1302 607 τὰ
1327 558 1560 666 μέλλοντα
1595 554 1953 624 τεκμαιρόμεθα

354 632 454 686 τοῖς
479 631 740 695 παροῦσιν.

1100 726 1204 779 579

524 835 669 882 οστις
704 817 765 873 δε
795 822 1020 888 θνητῶν
1052 815 1309 887 βούλεται
1343 815 1675 888 δυσώνυμον

526 907 602 966 εἰς
632 903 801 973 γῆρας
835 905 1042 972 ἐλθεῖν,
1075 899 1140 956 οὐ
1172 906 1436 971 λογίζεται
1468 905 1670 966 naza-59

520 983 723 1056 μακρὸς
755 983 857 1057 γάρ
891 985 1027 1041 αἰών
1058 991 1290 1055 μυρίους
1321 990 1489 1042 τίκτει
1520 983 1737 1051 πόνους.

459 1081 1104 1158 8101).Ρ1οι“.116,5.ουῐῃ
1130 1098 1192 1127 vs.
1216 1082 1246 1129 3
1275 1083 1330 1128 cf.
1359 1083 1508 1143 adesp.
1536 1082 1592 1128 fr.
1613 1082 1739 1129 465:
1767 1072 1952 1142 μακρὸς

351 1166 446 1213 γαρ
474 1143 598 1197 αιών
624 1145 879 1214 συμφορὰς
905 1142 1087 1207 πολλεὲς
1116 1147 1224 1212 ἔχει.

1104 1288 1209 1341 580

520 1403 548 1434 ο
574 1385 802 1436 πλεῖστα
833 1377 1097 1449 πράσσων
1127 1375 1350 1434 πλεῖσθ’
1388 1376 1687 1450 ἁμαρτάνει
1718 1381 1948 1450 βροτῶν.

457 1475 582 1522 Stob.
608 1476 728 1522 Flor.
760 1476 853 1535 58,
882 1477 927 1522 5.
979 1478 1034 1523 cs.
1064 1477 1214 1536 adesp.
1253 1477 1306 1521 fr.
1337 1475 1461 1523 259:
1497 1466 1549 1520 τὸ
1587 1466 1741 1521 πολλα
1768 1475 1951 1536 τολμαν

350 1535 494 1593 πόλλ
522 1561 820 1606 αμαρτανειν
846 1548 988 1592 ποιεῖ.

1098 1640 1198 1693 581

521 1728 625 1801 ἐγώ
657 1729 757 1802 μὲν
790 1722 902 1786 εὖτ’
937 1727 1006 1787 ἂν
1036 1729 1162 1794 τοὺς
1194 1727 1392 1795 κακοὺς
1424 1723 1534 1800 ὁρῶ
1566 1733 1781 1800 βροτῶν

518 1821 837 1884 πίπτοντας,
871 1813 1012 1870 εἶναι
1043 1814 1183 1886 φημὶ
1218 1811 1497 1885 δαιμόνων
1524 1817 1696 1884 γένος.

455 1911 591 1957 Orion
618 1911 738 1957 Flor.
769 1912 816 1964 5,
847 1911 875 1957 5
903 1927 946 1972 p.
979 1910 1097 1969 255,
1126 1910 1215 1956 22:
1246 1906 1299 1955 ἐκ
1325 1908 1411 1955 τοῦ
1441 1901 1702 1970 Οἰνομάου.
1744 1902 1948 1972 εἐγώ--

347 1976 488 2042 γένος
503 1980 537 2023 ’.
588 1982 790 2042 Euripidi
817 1982 963 2027 locuni
995 1981 1151 2027 tribuit
1177 1981 1562 2027 SchneidewiuuS.

920 2118 1375 2160 ΠΑΛΑΜΗΔΗΣ

451 2207 660 2253 Fabulam
709 2221 868 2253 scenae
913 2208 1195 2252 commissam
1239 2221 1339 2252 esse
1391 2207 1557 2266 olvinp.
1599 2205 1766 2265 91,1
1815 2205 1946 2251 docet

346 2277 558 2323 Aelianus
595 2278 643 2322 V
687 2278 736 2323 H.
779 2277 834 2333 2,
871 2276 928 2333 8,
979 2291 1110 2336 quem
1147 2277 1294 2321 locum
1331 2292 1372 2337 p
1407 2279 1469 2322 10
1508 2276 1757 2321 attulimus.
1813 2290 1945 2335 argu·

348 2355 547 2392 mentum
587 2348 760 2393 tradere
797 2348 974 2392 videtur
1011 2348 1213 2407 Hyginus
1250 2347 1336 2392 sah.
1369 2347 1481 2393 105.
1532 2346 1741 2404 Polyaen
1776 2345 1794 2390 1
1837 2359 1944 2404 pro-

347 2416 494 2461 hoem.
523 2417 556 2494 S5
581 2419 668 2463 11:
697 2408 804 2462 οἷον
834 2411 885 2462 δε
910 2405 1111 2461 κακεῖνο
1138 2409 1453 2495 στρατήγημα
1472 2404 1735 2470 Οδυσσέως
1759 2411 1811 2458 οἷ
1830 2429 1942 2470 τρα-

347 2481 496 2549 γῳδοὶ
534 2478 719 2533 αδουσι.
773 2479 1080 2565 Παλαμήδην
1108 2482 1327 2564 ἐνίκησεν
1352 2473 1611 2540 Ὀδυσσευς
1637 2479 1687 2529 ἐν
1715 2480 1943 2542 δικαστη-

347 2555 436 2619 ρίῳ
472 2555 568 2601 τῶν
598 2545 808 2615 Ἀχαιῶν
844 2546 1110 2617 υποβαλών
1151 2545 1307 2601 αυτοῦ
1340 2555 1400 2634 τῇ
1435 2553 1594 2616 σκηνῇ
1635 2548 1944 2634 βαρβαρικὸν

346 2624 567 2685 χρυσίον,
605 2622 688 2670 καὶ
716 2616 740 2671 ὁ
768 2621 1050 2683 σοφώτατος
1087 2627 1184 2672 τῶν
1206 2618 1455 2684 Ἑλληνων
1481 2620 1662 2679 ἐκεῖνος
1697 2618 1797 2684 ηλω
1822 2639 1940 2683 προ-

348 2693 524 2771 δοσίας.
583 2696 787 2772 Xenopli.
826 2698 951 2742 Mem.
979 2699 1040 2754 4,
1078 2697 1137 2754 2,
1175 2697 1265 2744 33:
1302 2713 1360 2741 τα
1394 2691 1445 2742 δὲ
1481 2689 1811 2754 Παλαμηδους
1850 2709 1941 2740 ουκ

346 2758 565 2823 ἀκήκοας
590 2757 757 2826 πάθης
785 2765 961 2811 τοῦτοι
985 2782 1081 2834 γαρ
1107 2758 1167 2824 δὴ
1193 2781 1371 2822 παντες
1396 2782 1494 2825 υμν
1499 2763 1639 2810 οὖσιν
1667 2756 1729 2820 ὡς
1755 2755 1836 2809 δια
1860 2775 1941 2809 σο-

346 2833 466 2893 φίαν
503 2831 785 2895 φθονηθεὶς
820 2824 916 2881 υπὸ
952 2836 1039 2881 τοῦ
1070 2825 1330 2891 Ὀδυσσέως
1364 2829 1599 2882 απώλετο.
1658 2836 1940 2895 Euripideam

347 2906 537 2952 fabulam
565 2907 750 2967 respicit
777 2908 1117 2968 Aristophanes,
1145 2909 1222 2968 qui
1242 2905 1562 2952 Mnesilochum
1591 2907 1698 2951 haec
1723 2905 1941 2951 dicentem

2030 2903 2060 3139 “uana-2102..
2048 2886 2058 2896 ι
