2077 3139
773 119 1146 162 ΜΕΑΕΑΓΡΟΣ
1661 117 1749 167 14]

338 264 498 321 θύων
526 260 770 335 ἀπαρχάς

276 378 349 420 Ar.
386 377 490 421 Rau.
533 373 686 420 1238:
739 380 878 420 ETP.
918 399 985 406 —
1036 363 1211 427 Οἰνεύς
1243 364 1348 418 ποτ’
1389 367 1440 417 ἐκ
1475 371 1564 432 γῆς
1597 375 1757 416 ΑΙΣΧ.

171 437 419 503 ληκύθιον
436 434 696 489 ἀπώλεσεν.
740 449 875 488 ΕΤΡ.
913 439 1055 488 ἔασον
1082 440 1235 488 εἰπεῖν
1260 432 1427 503 πρώθ
1457 436 1570 487 όλον
1598 457 1655 500 με
1675 438 1758 487 τὸι

171 513 350 574 στίχον.
404 505 613 568 εΟἰνεύς
636 538 707 546 --
730 503 983 591 ἀπαρχάς’
1034 517 1193 558 ΑΙΣΧ.
1219 504 1465 595 ληκυθιον
1490 503 1755 558 ἀπώλεσεν.

173 585 350 630 Scholia
376 600 412 628 v.
443 582 599 630 1238:
656 579 769 628 Οἰνε
751 575 830 636 cv'g·
864 597 953 626 ποτ
1013 577 1066 626 ἐκ
1091 580 1192 643 γῆς.
1244 578 1344 628 ἐστι
1370 577 1457 641 μὲν
1485 578 1536 626 ἐκ
1564 574 1757 627 Μελεά-

171 669 303 728 γρου
316 642 433 713 μετὰ
459 642 605 697 ἰκανα
631 651 715 711 τῆς
741 668 905 712 αρχης.
957 642 988 710 ἡ
1019 645 1118 698 δὲ
1093 647 1216 713 αρχὴ
1245 651 1332 697 τοῦ
1359 644 1638 713 δραματος
1655 652 1755 696 Κα-

173 712 667 782 λώιον-χθονός’
698 723 770 783 (fr.
800 721 934 781 519).
999 737 1060 766 vs.
1088 722 1117 767 2
1159 723 1215 769 cf
1245 722 1392 768 Schol.
1420 723 1548 780 ll.1‚
1587 722 1757 794 535111]

171 794 336 839 Anecd.
361 793 499 838 Paris.
527 793 614 837 vol.
644 791 674 838 3
700 807 744 851 p.
769 791 885 844 240,
916 791 978 836 12
1007 790 1146 852 (Eust.
1174 793 1220 837 ll.
1249 808 1289 852 p.
1307 793 1421 848 770,
1451 790 1555 852 21);
1586 789 1696 835 Οἰνε
1679 806 1759 844 ευς

171 851 390 938 απαρχας
432 856 573 906 θύων
615 876 737 905 κατα
784 852 1079 922 Εὐριπίδην.
1147 863 1353 922 Apollod.
1395 864 1449 921 1,
1477 862 1533 921 8,
1572 861 1627 906 2;
1675 876 1760 915 τας

170 921 391 991 ἀπαρχὰς
419 923 595 987 Οἰνεὺς
620 932 759 985 θεοῖς
785 929 900 975 πᾶσι
926 923 1084 976 θύων.

921 1052 1017 1103 521

342 1157 648 1226 Μελέαγρε,
681 1157 878 1226 μελέαν
908 1154 1010 1226 γάρ
1042 1153 1161 1211 ποτ’
1197 1151 1447 1226 ἆγρεύεις
1477 1154 1653 1227 ἄγραν

278 1265 422 1326 Etym.
450 1268 503 1312 M.
542 1283 587 1326 p.
611 1266 737 1322 576,
765 1266 853 1312 30:
894 1260 1205 1327 Μελέαγρος·
1243 1260 1527 1327 ε’τυμολογεῖ
1553 1259 1760 1321 Εὐριπί-

176 1333 262 1394 δης
299 1333 584 1397 εΜελεέοιγρε
619 1361 682 1367 —-
722 1328 925 1394 ἄγραν.
985 1336 1040 1381 cs.
1084 1337 1303 1382 Proculus
1346 1340 1391 1381 in
1437 1336 1757 1397 Plat.c1aty1.

174 1421 212 1450 c.
243 1405 307 1452 83
334 1419 379 1465 p.
406 1405 471 1452 43
500 1404 679 1466 (Anecd.
706 1405 835 1450 Bekk.
860 1420 904 1464 p.
936 1403 1111 1479 1163);
1158 1403 1241 1450 ἵνα
1266 1395 1332 1465 μὴ
1359 1396 1444 1451 τὸι
1472 1401 1760 1465 Μελέαγρον

176 1469 332 1553 ὥσπερ
347 1465 621 1535 Εὐριπίδης
646 1472 806 1528 κακῶς
828 1466 1159 1540 ἐτυμολογήσῃ
1179 1469 1258 1520 διὰ
1278 1467 1370 1534 τὴν
1395 1471 1608 1536 μελέαν’
1584 1472 1759 1537 α’γραν.

174 1536 424 1606 ἀγρεύσεις
449 1545 778 1591 Valckenarius.

919 1652 1022 1703 522

343 1741 434 1796 καὶ
465 1744 640 1812 κτῆμα
672 1735 749 1811 δ’,
776 1733 819 1795 ὦ
848 1747 1098 1812 τεκοῦσα,
1131 1741 1419 1798 κάλλιστον
1448 1740 1592 1811 τόδε,

344 1823 584 1880 πλούτου
618 1827 677 1880 δὲ
708 1837 990 1897 κρεῖσσον·
1021 1829 1120 1881 τοῦ
1148 1826 1250 1898 μὲν
1281 1825 1446 1882 ὠκεῖα
1477 1829 1695 1898 πτέρνξ,

345 1912 537 1973 παῖδες
569 1908 630 1963 δὲ
660 1914 899 1980 χρηστοί,
931 1905 1033 1965 κᾶν
1062 1907 1296 1981 θάνωσι,
1332 1909 1543 1982 δώμασι

344 1990 512 2047 καλόν
540 2016 590 2046 τι
619 1990 974 2065 θησαύρισμα
1003 2008 1116 2059 τοῖς
1145 2000 1368 2050 τεκοῦσί
1391 2017 1449 2051 τε

344 2072 605 2147 ἀνάθημα
635 2074 821 2146 βιότου
851 2074 1074 2133 κοῦποτ’
1114 2080 1348 2133 ἐκλείπει
1382 2077 1595 2150 δόμους.
1693 2095 1718 2134 5

282 2186 405 2232 Stob.
449 2186 568 2232 Flor.
610 2186 693 2245 75,
729 2186 774 2232 2.
836 2188 1045 2248 Meleagri
1089 2197 1195 2234 sunt
1234 2189 1365 2235 verba
1407 2192 1525 2236 sicut
1566 2191 1622 2236 fr.
1661 2190 1760 2238 523

179 2266 223 2303 et
250 2256 365 2303 524.

921 2322 1023 2375 523

349 2411 516 2465 δειλοὶ
547 2409 652 2480 γὰρ
683 2408 882 2482 ἄνδρες
913 2408 1014 2467 οὐκ
1044 2419 1262 2484 ἔχουσιν
1294 2415 1352 2469 ε’ν
1380 2412 1523 2487 μάχῃ

345 2492 601 2566 ἀριθμόν,
633 2491 752 2550 ἀλλ’
788 2492 972 2550 ἄπεισι
1003 2491 1106 2552 κᾶν
1135 2494 1348 2565 παρῶσ’
1381 2494 1542 2569 ὅμως.

282 2604 406 2650 Stob.
432 2605 548 2650 Flor.
577 2604 626 2662 8,
654 2605 699 2651 3.

921 2684 1026 2736 524

342 2768 628 2845 ἡγησάμην
657 2764 779 2844 οὖν,
812 2778 861 2829 εἰ
889 2774 1242 2847 παραζεύξειέ
1264 2800 1343 2842 τις

344 2860 559 2933 χρηστῷ
586 2855 830 2930 πονηρὸν
859 2859 1103 2932 λέκτρον,
1134 2859 1236 2916 οὐκ
1265 2856 1334 2916 ἂν
1367 2859 1664 2934 εὐτεκνεῖν,
