2077 3139
837 122 1089 166 ΣΤΛΕΤΣ
1651 115 1752 169 185

593 263 882 306 ΣΤΑΕΤΣ
910 258 1329 303 ΣΑΤΤΡΙΚΟΣ

277 356 463 401 Tzetzae
497 352 644 397 Schol.
680 351 906 410 Aristoph.
941 349 1116 407 Proleg.
1144 348 1188 392 in
1215 347 1411 407 Appemud
1438 345 1542 392 Lex.
1570 344 1752 390 vindob.

173 426 277 472 edit.
303 438 425 470 meae
451 421 628 483 p.245,
645 421 731 467 19.
764 414 1009 497 Ηρακλῆς
1027 412 1238 475 πραθεὶς
1262 414 1328 480 τῷ
1343 416 1496 460 Συλεῑ
1520 405 1581 469 ὡς
1605 429 1753 475 γεωρ-

173 486 256 573 γὸς
283 490 452 548 δοῦλος
477 485 648 549 ἐστάλη
667 486 731 544 εἰς
749 479 833 535 τὸν
854 479 1023 550 ἀγρόν,
1049 479 1132 533 τὸν
1149 463 1409 544 ἀμπελῶνα
1426 479 1753 545 ἐργάσασθαι·

173 552 458 618 ἆνεσπακώς
484 555 536 607 δὲ
561 555 754 638 δικέλλῃ
777 557 1063 620 προρρίζους
1088 549 1169 611 τὰς
1188 546 1429 615 ἀμπέλους
1453 547 1640 608 ἁπάσας
1664 570 1754 599 τω·

175 643 445 693 τοφορησας
486 645 534 676 τε
576 620 724 706 αὐτας
760 626 825 684 εἰς
861 621 912 674 τὸ
955 625 1138 687 οἴκημα
1181 624 1265 671 τοῦ
1298 623 1516 702 γεωργοῦ
1552 615 1754 684 θωμοὺς

174 696 410 766 μεγάλους
435 695 642 776 ἐποίησε,
670 691 752 744 τὸν
778 698 975 759 κρείττω
1002 712 1049 742 τε
1074 695 1170 742 τῶν
1194 693 1324 756 βοῶν
1346 690 1504 750 θύσας
1530 697 1754 738 κατεθοι-

174 777 319 831 νᾶτο,
373 766 455 816 καὶ
491 760 577 815 τὸν
617 768 841 815 πιθεῶνα
885 764 936 814 δὲ
975 759 1236 848 διαρρήξας
1271 761 1352 809 καὶ
1388 754 1472 810 τὸν
1499 756 1755 808 καλλιστον

173 842 326 890 πίθον
357 830 688 900 ἆποπωμοῖσας
718 854 802 895 τας
835 832 995 896 θύρας
1029 852 1076 882 τε
1114 828 1177 891 ὥς
1211 826 1456 914 τραπεζαν
1476 829 1586 889 θεὶς
1615 824 1758 891 ἣσθιέ

175 928 223 959 τε
248 908 330 958 καὶ
358 907 523 958 επινεν
549 901 706 973 α’δων,
742 904 824 954 καὶ
836 907 955 988 τῷι
943 907 1210 968 προεστῶτι
1244 901 1295 952 δὲ
1320 904 1406 951 τοῦ
1430 895 1585 966 ἆγροῦ
1610 893 1755 961 δριμὺ

175 979 360 1043 ἐνορῶν
385 977 552 1057 φέρειν
578 975 792 1027 ἐκέλευεν
819 970 971 1039 ὡραῖα
987 992 1035 1023 τε
1061 972 1143 1022 καὶ
1169 975 1491 1030 πλακοῦντας,
1518 969 1600 1020 καὶ
1626 970 1757 1028 τέλος

174 1044 290 1100 όλον
315 1041 535 1112 ποταμὸν
562 1041 682 1130 πρὸς
706 1040 796 1108 τὴν
823 1045 1026 1094 ε’παυλιν
1052 1044 1233 1108 τρέψας
1259 1036 1317 1090 τὰ
1341 1037 1503 1090 πάντα
1528 1039 1756 1089 κατέκλυ·

175 1134 271 1170 σεν.
336 1118 454 1182 (ε’στι
489 1116 540 1167 δὲ
577 1113 628 1165 τὸ
671 1117 892 1165 τοιοῦτον
934 1109 1208 1178 Εὐριπίδου
1251 1112 1410 1175 δρᾶμα
1452 1115 1549 1160 add.
1593 1113 1756 1159 Aneed.

178 1194 316 1240 Paris.
349 1193 436 1238 vol.
468 1192 494 1237 1
523 1206 566 1253 p.
593 1190 643 1250 8,
671 1190 733 1248 3).
784 1189 1028 1235 Meinekius
1055 1189 1141 1233 huc
1165 1186 1303 1232 refert
1329 1186 1382 1231 fr.
1410 1185 1525 1232 899.

345 1408 576 1475 πίμπρη,
609 1398 837 1457 κάταιθε
869 1397 1089 1471 σάρκας,
1124 1395 1468 1469 ἐμπλήσθητί
1491 1417 1599 1467 μου

345 1493 524 1542 πίνων
554 1484 806 1541 κελαινὸν
837 1481 992 1555 αἷμα·
1019 1480 1231 1553 πρόσθε
1260 1480 1363 1553 γὰρ
1396 1478 1538 1535 κάτω

346 1573 443 1642 γῆς
476 1569 615 1625 εἶσιν
645 1566 834 1639 ἄστρα,
868 1570 935 1639 γῆ
965 1564 1014 1622 δ’
1052 1562 1226 1621 ἅνεισ’
1264 1568 1316 1629 ἐς
1348 1565 1564 1633 αἰθέρα,

347 1655 479 1727 πρὶν
512 1654 564 1719 ἐξ
598 1654 727 1725 ἐμοῦ
760 1670 844 1708 σοι
874 1647 1014 1707 θῶπ’
1048 1648 1355 1719 ἀπαντῆσαι
1386 1646 1563 1718 λόγον.

282 1765 407 1809 Philo
444 1765 537 1809 Iud.
574 1763 661 1809 vol.
692 1763 720 1808 2
757 1778 801 1823 p.
828 1763 954 1810 461:
1007 1757 1081 1805 ἴδε
1104 1758 1226 1821 γοῦν
1253 1750 1335 1804 οἷα
1359 1773 1457 1816 παρ
1468 1749 1762 1819 Ἐὐριπίδῃ

181 1831 331 1894 φησὶν
357 1824 382 1878 6
398 1823 682 1908 Ηρακλῆςε
696 1830 904 1892 πίμπρα,
932 1824 1138 1876 ’καταιθε
1165 1856 1227 1862 -
1257 1823 1450 1906 λόγον’.
1487 1828 1600 1873 idem
1626 1826 1760 1900 paulo

181 1912 313 1966 post:
336 1895 486 1948 παλιν
511 1893 594 1948 τὸν
620 1893 768 1948 αὐτὸν
793 1899 1060 1947 σπουδαῖον
1086 1894 1172 1958 οὐχ
1199 1888 1316 1963 δρᾷς
1342 1890 1415 1945 ὅτι
1441 1888 1555 1942 οὐδὲ
1579 1887 1762 1941 πωλού·

179 1988 322 2052 μενος
347 1963 581 2033 θεραπων
607 1965 730 2018 εἶναι
752 1969 899 2052 δονεῖ,
918 1963 1273 2055 καταπληττων
1299 1959 1410 2024 τοὺς
1435 1959 1671 2029 ὁρῶντας,
1699 1958 1762 2020 ὦς

182 2034 239 2089 ού
279 2035 434 2104 μόνον
469 2036 727 2125 ἐλεύθερος
763 2035 855 2100 ὤν,
906 2032 1027 2087 ἄλλα
1061 2037 1143 2086 καὶ
1170 2031 1401 2124 δεσπότης
1427 2032 1653 2096 ἐσόμενος
1678 2032 1763 2080 τοῦ

180 2109 474 2173 πριαμένου;
511 2105 536 2160 ὁ
554 2112 693 2193 γοῦν
712 2104 894 2174 Ἑρμῆς
928 2106 1292 2175 πυνθανομένῳ
1328 2107 1372 2155 εἰ
1403 2100 1590 2185 φαῦλός
1616 2101 1762 2162 ἐστιν,

179 2175 496 2243 ἀποκρίνεται
521 2177 723 2244 εἥκιστα
760 2208 823 2215 -
861 2175 1180 2261 δραστηριος’
1209 2181 1281 2238 (sr.
1312 2179 1444 2247 689).
1499 2167 1685 2229 “ούδεὶς
1714 2166 1757 2218 δ’

182 2246 567 2314 -ἕμβολήν’(
572 2256 625 2300 fr.
653 2254 787 2312 690).
839 2241 924 2297 εἰτ’
966 2247 1167 2334 ἐπιλέγει
1211 2240 1262 2294 τὸ
1301 2238 1427 2308 ἦθος
1461 2238 1610 2293 αὐτοῦ
1647 2242 1764 2289 εσοῦ

181 2322 459 2401 7at71709c5
458 2349 524 2357 —
549 2319 740 2377 θέλοις’
774 2320 841 2383 (fr.
871 2323 1003 2381 691).
1057 2316 1157 2366 ἐπεὶ
1186 2315 1237 2365 δὲ
1262 2315 1344 2364 καὶ
1369 2312 1645 2397 πριαμένου
1663 2315 1762 2358 Συ-

180 2388 298 2450 λέως
334 2390 400 2449 εἰς
432 2383 586 2471 ἆγρὸν
612 2387 870 2452 ἐπέμφθη,
916 2388 1143 2448 διέδειξεν
1177 2387 1333 2451 ἔργοις
1367 2380 1418 2434 τὸ
1454 2388 1537 2448 τῆς
1574 2380 1764 2444 φύσεως

182 2455 478 2509 ἀδούλωτον.
528 2452 614 2508 τὸν
639 2457 726 2523 μὲν
749 2477 840 2539 γαρ
866 2453 1063 2520 ἄριστον
1087 2461 1182 2506 τῶν
1209 2456 1307 2505 ἐκεῖ
1330 2450 1523 2517 ταύρων
1547 2448 1763 2501 καταθύ-

182 2544 266 2588 σας
311 2528 398 2578 Διὶ
440 2525 689 2611 πρόφασιν
732 2522 982 2592 εὐωχεῖτο,
1031 2523 1188 2577 πολὺν
1229 2521 1273 2575 δ’
1310 2521 1446 2574 οἶνον
1488 2519 1765 2603 ἐμφορήσας

181 2591 373 2663 ἀθρόον
409 2594 462 2648 εὖ
494 2595 624 2663 μαλα
658 2597 973 2656 κατακλιθεις
997 2590 1288 2662 ἠκρατίζετο.
1337 2599 1494 2644 Συλεῖ
1513 2594 1563 2642 δὲ
1586 2610 1761 2653 αφικο-

182 2669 311 2738 μένῳ
335 2668 418 2719 καὶ
444 2666 930 2732 δυσανασχετοῦντι’
908 2669 989 2716 επί
1013 2686 1060 2716 τε
1085 2668 1143 2734 τῇ
1162 2663 1323 2732 βλαβῃ
1341 2665 1425 2714 καὶ
1444 2665 1503 2744 τῇ
1519 2665 1604 2711 τοῦ
1620 2656 1764 2718 θερά-

184 2755 358 2798 ποντος
366 2739 614 2821 ραθυμία
646 2738 728 2787 καὶ
765 2737 840 2786 ε’πὶ
867 2742 926 2804 τῇ
950 2755 1007 2786 πε
987 2740 1149 2804 εριττῇ
1174 2729 1561 2798 καταφρονήσει,
1611 2730 1764 2794 μηδὲν

181 2806 300 2871 μήτε
331 2810 413 2872 τῆς
452 2806 597 2873 χρόας
629 2806 747 2872 μήτε
774 2827 842 2857 ων
879 2807 1079 2869 ε’πραττε
1122 2800 1407 2884 μεταβαλων
1441 2797 1763 2865 εὕτολμότατα

183 2892 305 2942 φησι
329 2879 556 2943 εκλίθητι
586 2908 646 2917 -
677 2878 794 2947 ἔσῃ’
823 2879 893 2945 (fr.
922 2881 1055 2940 692).
1106 2879 1279 2926 τοῦτον
1306 2870 1395 2924 o6v
1419 2869 1623 2936 πότερον
1650 2872 1762 2920 δοῦ-
