2077 3139
591 134 963 177 FABVLARVM
984 134 1205 177 FRAGM.
1599 135 1703 188 239

281 270 370 332 ὅδ’
405 277 517 332 ἐστὶ
548 278 638 332 καὶ
670 280 774 343 ζῶν
806 279 895 332 καὶ
924 277 1121 333 θανών
1150 287 1304 344 θεοῖς
1334 284 1520 350 φίλος·

280 358 427 425 ὅστις
461 360 518 415 δὲ
547 359 674 424 τοὺς
706 358 987 431 φύσαντας
1019 359 1091 431 μὴ
1121 365 1282 433 τιμᾶν
1310 365 1469 434 θέλῃ,

279 442 354 514 μή
383 467 472 514 μοι
503 444 714 514 γένοιτο
745 442 878 515 μήτε
908 442 1192 516 συνθύτης
1222 458 1333 510 τοῖς
1363 455 1516 510 θεοῖς

279 524 396 598 μήτ’
431 530 490 583 ἐν
519 525 774 598 θαλάσσῃ
806 526 1134 584 κοινόπλουν
1165 530 1376 584 στέλλοι
1407 547 1629 601 σκαφος.
1671 547 1698 587 5

219 638 370 683 Orion.
410 637 530 683 Flor.
569 637 718 714 Eurip.
758 637 785 682 7
823 652 866 696 p.
904 637 1030 694 265,
1070 639 1123 684 6:
1163 632 1352 730 ‘Effinge
1364 665 1426 672 —
1467 632 1694 698 σκαφοςὶ

113 706 382 752 Stob.F101.
412 707 503 763 79,
540 706 594 751 2:
635 696 909 763 Εὐριπίδου
939 696 1284 766 Ἡρακλειδῶν.
1338 700 1495 764 ὅστις
1523 736 1584 742 -
1612 710 1695 770 φί-

111 775 219 830 λος’
247 774 328 834 (ν3.
359 777 384 820 1
414 783 458 821 et
485 775 546 834 2).
598 776 790 821 sortasse
812 764 1137 834 Ηρακλειδῶν
1164 776 1269 837 (ῆρς
1293 776 1441 841 Vind.)
1470 780 1513 824 in
1522 780 1697 855 Κρησ-

110 842 213 890 σῶν
238 846 513 890 mutandum.
564 860 625 890 vs.
655 845 684 891 3
711 861 778 890 τω
805 838 1019 904 φύσαντε
1053 846 1446 907 Schneidewinus,
1482 839 1567 894 τὸν
1601 842 1694 908 φύ-

114 925 264 958 σαντα
291 914 548 960 Meinekius.
591 930 652 959 vs.
673 914 705 959 4
732 908 984 974 συνθύτης
1009 917 1070 960 θε
1051 919 1149 972 «τοῖς
1173 917 1558 979 Schneidewinus,
1583 931 1695 965 συν-

109 976 270 1042 θύτης
294 978 410 1029 ποτὲ
435 984 692 1042 MeinekiuS,
721 987 794 1044 qui
822 1000 884 1030 vs.
914 985 1063 1032 3—5
1091 1001 1112 1031 a
1140 990 1418 1046 praegressis
1445 989 1625 1037 dirimit.
1651 993 1696 1035 in

111 1054 289 1100 Stobaei
315 1054 432 1099 Flor.
465 1055 522 1110 1,
552 1054 580 1100 8
618 1054 776 1099 lemma
804 1047 1076 1116 Εὐριπίδης
1110 1045 1446 1117 Ηρακλείδαις
1479 1060 1696 1117 plaebent

110 1124 203 1181 AM,
230 1124 326 1168 vide
350 1124 404 1168 fr
433 1089 546 1170 219.

857 1231 960 1282 849

276 1318 335 1375 τὸ
365 1319 466 1390 μὲν
495 1325 773 1392 σφαγῆναι
807 1319 1009 1392 δεινόν,
1043 1319 1296 1378 εὔκλειαν
1328 1320 1382 1378 δ’
1417 1330 1549 1395 ἔχει·

275 1401 334 1458 τὸ
366 1402 668 1473 μὴθανεῑν
700 1404 760 1459 δὲ
794 1402 993 1475 δειλόν,
1024 1403 1196 1476 ἡδονὴ
1230 1404 1280 1461 δ’
1319 1413 1413 1462 ἔνι.

217 1513 339 1558 Stob.
368 1512 486 1558 Flor.
517 1514 564 1572 7,
592 1514 644 1560 9:
672 1503 944 1575 Ευριπίδης
963 1504 1170 1572 Ηρακλε
1175 1517 1206 1562 ἵ.
1259 1508 1338 1561 ττὸ
1364 1513 1454 1576 μὲν
1483 1544 1541 1551 -
1573 1513 1673 1562 ἔνι’

112 1583 300 1628 eundem
327 1583 473 1628 locum
499 1584 595 1630 sine
622 1599 664 1644 p.
692 1592 735 1628 et
761 1584 849 1630 sab.
885 1587 1064 1631 nomine
1090 1586 1223 1631 habet
1247 1587 1362 1632 Plut
1388 1589 1496 1633 Mor.
1524 1603 1565 1648 p.
1591 1589 1692 1633 447

110 1652 156 1697 Ε.
208 1667 269 1696 ν3.
307 1651 336 1697 2
377 1647 429 1696 δὲ
465 1644 622 1698 δειλόν
655 1654 800 1712 Plut.,
837 1644 879 1698 δ’
917 1647 975 1699 οὐ
1013 1648 1177 1700 δεινόν
1211 1656 1336 1703 Stob.
1383 1651 1619 1719 Ηρακλεῑ
1648 1662 1693 1704 in

104 1715 443 1782 Ἡρακλείδαις
469 1724 727 1768 mutandum
754 1738 852 1769 esse
879 1725 1152 1785 suspICabar.

854 1858 958 1911 850

275 1930 586 2005 ἀναδρομαί

214 2029 328 2090 Hesy
332 2031 426 2075 eh.:
453 2020 749 2091 ἆναδρομαί·
788 2020 1039 2091 αὐξήσεις,
1065 2027 1366 2092 βλαστήσεις.
1417 2026 1692 2111 Εὐριπίδης

103 2086 325 2143 Ικὲτισιν
345 2091 611 2165 Υψιπύλῃ.
661 2115 751 2147 non
778 2101 943 2161 legitur
968 2102 1054 2148 hoc
1078 2103 1341 2150 vocabulum
1369 2105 1414 2150 in
1433 2095 1669 2154 Ικέτισιν.

853 2249 953 2302 851

277 2341 482 2408 ἔλαφον
512 2336 562 2393 δ’
594 2336 822 2410 Ἀχαιῶν
853 2341 1041 2411 χερσὶν
1072 2338 1291 2411 ἐνθήσω
1322 2347 1504 2412 φίλαις

276 2427 600 2493 κεροῦσσαν,
632 2419 703 2493 ἣν
733 2421 1026 2493 σφάζοντες
1059 2423 1360 2496 αὐχήσουσι
1392 2425 1498 2496 σὴν

276 2503 500 2575 σφάζειν
527 2508 808 2576 θυγατέρα

213 2601 422 2646 Aelianus
458 2601 508 2649 N.
544 2604 593 2646 Α.
631 2602 686 2662 7,
723 2603 809 2649 39.
856 2595 964 2648 ὅσοι
998 2599 1190 2679 λέγουσι
1221 2604 1386 2664 θῆλυν
1426 2602 1608 2666 ε’λαφον
1632 2596 1691 2653 τὰ

108 2663 288 2728 κέρᾱῖα
313 2684 370 2715 Ου
397 2685 570 2748 φυέιν,
607 2664 697 2716 Οὐκ
723 2668 976 2718 αἰόοὗνῖθίι
1001 2689 1114 2730 τους
1150 2673 1236 2720 tofi
1262 2671 1484 2721 ἐνανΐίθυ
1507 2692 1689 2736 μαρῖυ-

109 2754 196 2797 ρας
226 2765 284 2772 -
315 2732 341 2784 ὁ
368 2735 420 2786 δὲ
445 2729 723 2801 Εὐριπίδης
758 2736 808 2785 ἐν
833 2741 893 2806 τῇ
921 2734 1216 2809 Ἰφιγενείαε
1231 2740 1412 2802 ε’λαφον
1435 2771 1506 2779 -
1530 2747 1688 2808 θυγα-

109 2803 265 2866 τέραὶ
324 2824 480 2856 versus
515 2826 539 2856 e
574 2814 767 2870 genuino
806 2812 1062 2873 Iphigeniae
1097 2816 1351 2861 Aulidensis
1397 2817 1517 2862 exitu
1561 2817 1688 2862 nohis

110 2884 266 2939 erepto
292 2880 424 2939 petiti
451 2881 670 2928 videntur.
