2077 3139
336 141 441 195 234
1016 137 1251 186 ΦΡΙΞΟΣ

337 286 669 332 Valckenarius.
722 284 925 330 Clemens
959 283 1081 328 Alex.
1122 283 1283 329 Strom.
1311 283 1347 328 V
1380 299 1423 344 p.
1453 282 1549 329 721
1579 299 1648 345 sq.
1678 283 1853 343 (Euseb.
1879 284 1927 330 P.

337 358 383 403 E.
411 357 502 402 Xlll
541 371 584 416 p.
616 354 716 402 684
734 354 784 413 A)
823 355 997 415 Diphilo
1035 355 1151 398 inter
1176 353 1260 398 alia
1285 354 1391 400 haec
1417 354 1601 400 tribuit:
1635 349 1787 413 μηδὲν
1812 354 1930 399 πλα·

336 424 527 490 νηθῇς·
564 422 663 470 ἔστι
690 415 784 468 κᾶν
794 415 968 468 Ἅιδου
995 420 1176 483 κρίσις,
1213 414 1368 498 ἥνπερ
1393 416 1586 501 ποιήσει
1612 415 1730 479 θεὸς
1753 414 1778 469 6
1804 416 1929 468 πάν-

335 513 432 542 των
473 488 704 554 δεσπότης
683 528 732 570 ἦ,
776 488 835 539 οὑ
874 486 1088 552 τοῦνομα
1131 484 1346 553 φοβερὸν
1382 483 1491 538 οὐδ’
1538 508 1602 537 αν
1644 484 1925 554 ὀνομάσαιμ’

337 559 450 646 ἐγώ·
481 556 535 621 63
560 566 660 620 τοῖς
685 556 1018 622 ἁμαρτάνουσι
1044 557 1168 623 πρὸς
1193 561 1349 624 μῆκος
1383 562 1494 625 βίον
1521 560 1733 608 ὁίὸωσιν.
1787 560 1840 608 εἴ
1858 581 1929 620 τις

338 627 386 680 6⁷
413 632 568 681 οἴεται
604 624 746 712 τούφ’
787 623 976 694 ημέραν
1013 625 1197 678 κακόν
1230 649 1276 678 τι
1299 659 1370 667 -
1394 628 1610 710 τυγχάνῃ
1649 631 1809 693 Δίκη
1844 634 1924 693 (vs.

337 705 507 767 2—4).
546 693 687 766 ὄραθ’
715 696 818 749 όσοι
848 700 1031 749 δοκεῖτε
1058 718 1148 748 ουκ
1173 695 1297 748 εἶναι
1323 695 1470 748 θεόν·
1500 700 1629 749 ἔστιν
1654 720 1749 765 γαρ
1775 699 1929 749 ἔστιν·

336 774 380 821 εἰ
413 773 463 821 δέ
496 792 568 831 τις
612 767 811 834 πράττει
846 772 1004 828 καλῶς
1039 769 1135 819 κτὲ.
1197 789 1258 820 vs.
1293 775 1318 819 1
1364 763 1510 832 τούφ’
1550 789 1637 833 ημε
1619 769 1757 837 ἐραν]
1804 765 1923 819 καθ’

332 838 518 907 ημέραν
553 847 714 923 Sextus
740 861 781 905 p.
813 845 940 904 661,
979 833 1197 904 τουφήμε
1203 858 1289 907 901
1315 843 1430 890 idem
1466 861 1509 906 p.
1540 844 1654 892 665.
1707 860 1772 891 vs.
1801 846 1831 892 5
1858 860 1926 890 τι·

332 915 523 979 μωρίαν
549 905 580 961 τ’
612 917 903 975 Musgravius.

499 1098 740 1171 πώγωνα
771 1096 944 1168 πυρός

434 1199 562 1244 Phot.
591 1198 694 1243 Lex.
730 1212 774 1257 p.
807 1196 935 1253 478,
973 1196 1026 1242 3:
1070 1189 1284 1256 πώγωνα
1321 1188 1496 1255 πυρός·
1539 1185 1628 1255 τὴν
1669 1185 1927 1273 ἆναφοραν

331 1265 418 1313 τοῦ
443 1262 613 1344 πυρός.
663 1260 949 1342 Εὐριπίδης
972 1264 1098 1325 Φρίξ
1094 1282 1158 1343 ῳ.
1206 1266 1362 1311 Pollux
1385 1267 1432 1324 2,
1460 1265 1549 1313 88.
1577 1261 1628 1311 ἐν
1656 1260 1707 1312 δὲ
1732 1265 1790 1342 τῇ
1813 1282 1925 1327 τρα-

329 1335 484 1402 γῳὸία
519 1330 699 1398 πώγων
733 1327 887 1396 πυρὸς
923 1352 954 1396 η
991 1333 1058 1390 εἰς
1086 1325 1170 1391 ὀξὺ
1196 1326 1451 1416 ἆναὸρομὴ
1486 1333 1569 1394 τῆς
1596 1328 1789 1397 φλογός.
1841 1341 1925 1382 Ae·

331 1410 509 1455 sclulus
545 1411 698 1468 Agam.
727 1408 851 1455 306:
887 1395 1168 1461 ανὸαίοντες
1203 1399 1417 1470 ἀφθόνῳ
1453 1401 1585 1466 μένει
1619 1402 1804 1468 φλογὸς
1843 1402 1923 1466 με’-

329 1495 426 1540 γαν
453 1494 680 1540 πωγωνα.

1076 1569 1180 1621 834

497 1645 724 1712 ἰλλάδας

432 1745 649 1806 Hesy.ch:
694 1735 891 1798 ἰλλαὸας
926 1731 1073 1804 γονὰς
1115 1731 1334 1802 ἆγελειας
1376 1737 1458 1787 καὶ
1501 1758 1585 1798 τας
1630 1734 1922 1801 συστροφάς.

326 1805 605 1873 Ευριπίδης
642 1811 808 1875 Φρίξῳ
846 1808 928 1857 καὶ
957 1810 1224 1872 Σοφοκλῆς
1259 1806 1500 1874 Ἀκρισίῳ.
1552 1813 1683 1859 verba
1719 1809 1802 1857 καὶ
1837 1803 1922 1868 τὰς

326 1880 600 1945 συστροφάς
626 1884 744 1930 delet
771 1884 814 1928 L.
841 1883 1116 1941 Dindorfius,
1152 1872 1374 1944 ἆγελειας
1402 1885 1445 1928 in
1480 1871 1708 1944 ἀγελαίας
1734 1886 1923 1930 mutavit

325 1957 550 2003 MusuruS.

1078 2047 1179 2100 835

430 2138 580 2183 Schol.
609 2137 756 2213 Apoll.
786 2137 925 2183 Rhod.
955 2137 1003 2194 2,
1033 2136 1157 2183 382·
1194 2128 1225 2196 ἡ
1255 2130 1306 2181 δὲ
1323 2135 1490 2211 νῆσος
1525 2135 1739 2180 καλεῖται
1777 2125 1919 2196 Ἀρη-

322 2203 429 2263 τιοὲς
463 2197 684 2267 (οἷρκτιοῖς
721 2208 818 2254 cod.
848 2205 986 2265 Flor.)
1018 2231 1075 2238 —
1115 2197 1188 2251 ότι
1224 2201 1276 2251 ὁὲ
1309 2192 1340 2264 ἡ
1375 2204 1520 2264 νῆσος
1553 2197 1678 2264 αὕτη
1711 2195 1919 2261 ὄρνιθας

325 2294 342 2323 ε
350 2293 419 2338 χει
445 2271 731 2333 τοξευούσας
766 2278 903 2332 τοῖς.
891 2277 1082 2337 πτεροῖς
1118 2265 1179 2330 ὡς
1213 2271 1401 2335 βέλεσιν
1436 2272 1623 2336 ἱστορεῖ
1652 2290 1733 2319 και
1760 2264 1916 2337 Ευρι·

322 2345 469 2408 πίδης
496 2342 549 2393 ἐν
578 2345 762 2412 Φρίξῳ.

907 2469 1333 2512 ΧΡΤΣΙΠΠΟΣ

426 2559 590 2605 Fabula
616 2573 715 2605 eum
742 2558 1000 2604 Phoenissis
1027 2565 1070 2602 et
1100 2557 1324 2602 Oenomao
1362 2569 1519 2602 scenae
1553 2555 1790 2601 commissa
1825 2562 1914 2614 est,

319 2630 417 2675 vide
445 2645 487 2690 p.
506 2628 602 2675 152
627 2643 694 2688 sq.
745 2628 952 2673 Aelianus
977 2628 1029 2673 N.
1057 2629 1106 2671 Α.
1138 2627 1185 2683 6,
1215 2627 1300 2673 15:
1330 2621 1515 2671 ε’κειντο
1541 2615 1689 2684 ἄμφω
1714 2624 1843 2684 (puer
1868 2633 1914 2670 ει

322 2698 579 2760 delphinus)
607 2689 631 2743 6
657 2713 746 2756 μεν
772 2689 1012 2756 τεθνεώς,
1040 2686 1067 2740 6
1095 2691 1146 2741 δὲ
1171 2693 1511 2772 ψυχορρα)ὧν.
1569 2686 1729 2748 Λοὶιος
1756 2688 1855 2739 δὲ’
1832 2689 1912 2739 επὶ

320 2766 622 2847 Χρυσίππῳ,
659 2783 696 2813 ω
733 2762 848 2812 καλὲ
882 2759 1154 2843 Εἰριπίόη,
1193 2764 1334 2812 τοῦτο
1370 2754 1460 2810 οὐκ
1497 2759 1719 2846 εδρασεν,
1755 2762 1912 2810 καίτοι

319 2839 408 2883 τοῦ
431 2837 527 2883 τῶν
560 2827 780 2895 ἀρρένων
808 2851 982 2898 ερωτος
961 2870 1008 2897 ,,
1046 2826 1109 2891 ὡς
1135 2831 1288 2896 λέγεις
1323 2824 1470 2890 αὐτὸς
1496 2829 1577 2878 καὶ
1605 2825 1636 2893 ἡ
1672 2826 1810 2894 φήμη
1837 2830 1908 2878 δι-

320 2901 515 2970 δάσκει,
550 2898 801 2968 Ελλήνων
835 2899 1099 2969 πρώτιστος
1133 2899 1294 2967 α’ρξας.
1346 2906 1433 2952 Cic.
1461 2905 1589 2950 Tusc.
1617 2903 1673 2963 4,
1701 2904 1794 2964 33,
1822 2905 1910 2950 71:
