2077 3139
740 122 1153 166 ΚΡΕΣΦΟΝΤΗΣ
1647 116 1741 170 119

408 287 518 319 nam
543 283 628 316 nos
652 269 848 315 decebat
874 274 1034 313 coetus
1060 265 1354 311 celebrantes
1378 265 1561 310 domum

407 345 582 400 luqere,
610 341 690 385 ubi
715 344 836 383 esset
862 340 1032 396 aliquis
1055 340 1103 381 in
1127 338 1279 381 lucem
1306 336 1471 387 editus,

409 413 647 456 humanae
672 412 795 454 vitae
821 410 956 453 varia
984 410 1264 463 reputantes
1287 407 1412 449 mala
1426 423 1441 455 ‚-

407 487 456 525 at
481 482 562 539 qui
582 480 773 524 labores
796 482 942 522 morte
965 479 1146 535 finisset
1169 486 1355 534 ssaves,

410 551 535 595 hunc
562 550 685 593 omni
708 550 884 592 amicos
909 547 1051 591 laude
1079 550 1122 589 et
1148 546 1330 590 laelztia
1359 545 1569 602 exsequi,

161 651 226 682 vs.
267 636 292 680 1
331 626 498 693 ε’χρην]
539 625 632 674 ἔδει
669 627 864 675 Aristid.
893 628 1026 673 Clem.
1063 627 1212 672 Schol.
1242 626 1451 685 Hermog.
1499 612 1618 686 γαρ]
1657 617 1745 682 μὲν

163 705 290 750 Stob.
326 695 585 761 σύλλογον]
613 691 873 759 συλλόγους
905 698 972 744 vel
1007 687 1353 756 συλλογισμοὺς
1388 710 1427 740 v.
1456 695 1485 740 l.
1526 694 1567 738 in
1595 694 1743 739 Schol.

164 775 371 832 Hermog.
386 803 399 828 ,
443 765 701 830 συλλόγους
743 776 794 814 ut
835 768 1011 813 videtur
1054 767 1222 812 Cicero.
1288 780 1352 810 vs.
1391 765 1419 810 2
1464 752 1549 808 τὸν
1587 761 1744 817 ζῶντα

163 844 288 889 Stob.
337 857 402 887 vs.
431 841 461 888 3
488 834 570 884 καὶ
595 836 765 883 κακῶν
792 838 967 884 Sextus.

913 971 1017 1024 453

761 1063 851 1119 καὶ
886 1063 968 1127 δὶς
998 1058 1106 1117 ἕπτ’
1143 1057 1307 1131 αὐτῆς
1335 1059 1501 1115 τέκνα

331 1146 542 1219 Νιόβης
571 1143 814 1203 θανόντα
845 1148 1046 1212 Λοξίου
1075 1142 1397 1215 τοξεύμασιν

271 1245 420 1291 Schol.
449 1246 550 1290 Eur.
579 1246 746 1289 Phoen.
779 1243 898 1290 159:
925 1256 983 1286 πε
964 1235 1034 1302 ερὶ
1062 1236 1112 1287 δὲ
1137 1238 1225 1285 τοῦ
1249 1233 1474 1298 πλήθους
1500 1236 1594 1282 τῶν
1621 1237 1745 1284 Νιο-

166 1312 319 1390 βιὸὧν
352 1305 499 1368 αὗτός
531 1325 682 1372 φησιν
718 1304 991 1369 Εὐριπίδης
1027 1305 1077 1354 ἐν
1102 1301 1442 1372 Κρεσφόντῃ
1462 1303 1545 1352 καὶ
1585 1303 1658 1362 δις
1681 1332 1751 1340 -

166 1376 499 1444 τοξεύμασιν’.
569 1383 736 1428 Gellius
777 1382 827 1427 N.
863 1384 913 1426 A.
957 1382 1048 1439 20,
1095 1381 1151 1438 7,
1194 1380 1246 1424 2·
1292 1381 1532 1426 Homerus
1570 1390 1753 1436 pueros

163 1458 445 1515 puellasque
480 1457 580 1499 eius
612 1452 808 1511 (Niobes)
843 1453 912 1498 bis
955 1463 1093 1497 senos
1128 1452 1240 1496 dicit
1268 1450 1448 1508 fuisse,
1494 1449 1752 1506 Euripides

166 1528 238 1572 bis
261 1530 493 1583 septenos.

906 1614 1011 1667 454

338 1711 386 1761 εἰ
414 1729 515 1777 μεν
545 1703 650 1775 γὰρ
682 1709 826 1760 οἰκεῖ
851 1705 1105 1775 νερτέρας
1135 1700 1244 1758 ὑπὸ
1275 1700 1476 1774 χθονὸς

339 1791 398 1844 ἐν
428 1802 603 1844 τοῖσιν
633 1786 801 1843 οὐκέτ’
837 1788 1014 1857 οὖσιν,
1045 1780 1263 1843 οὐδεν
1241 1809 1310 1841 αν
1340 1786 1546 1841 σθένοι.

274 1885 390 1930 Plut.
418 1885 524 1930 Mor.
547 1899 596 1966 p.
629 1884 726 1932 110
751 1885 804 1928 B:
840 1876 865 1928 5
894 1877 1206 1942 Κρεσφόντης
1242 1877 1294 1927 δέ
1327 1896 1422 1927 που
1455 1873 1482 1926 5
1520 1868 1653 1938 παρὰ
1685 1877 1755 1942 τῷ

172 1945 419 2019 Εὐριπίδῃ
450 1949 560 2013 περὶ
603 1952 688 1998 τοῦ
716 1945 1016 2012 Ἡρακλέους
1050 1948 1257 2013 λέγων(
1272 1948 1315 1997 εἰ
1348 1947 1437 2012 μὲν
1470 1966 1563 2012 γαρ
1599 1946 1754 1994 οἰκεῖ’

168 2022 332 2085 φησί
348 2019 572 2085 νερτέρας
607 2048 665 2056 -
691 2019 781 2068 σθέ
783 2023 892 2068 νοι’

912 2129 1016 2183 455

921 2225 981 2275 αἱ
1009 2217 1165 2291 τύχαι
1198 2220 1264 2274 δέ
1287 2241 1354 2291 με

337 2302 541 2376 μισθὸν
571 2306 834 2375 λαβοῦσαι
863 2306 974 2360 τῶν
1007 2306 1150 2375 ἐμῶν
1179 2304 1245 2358 τὰ
1274 2309 1507 2374 φίλτατα

338 2387 517 2459 σοφὴν
548 2393 771 2459 ἔθηκαν.

274 2485 390 2531 Plut.
422 2485 530 2533 Mor.
558 2500 601 2544 p.
631 2485 696 2531 90
721 2487 779 2530 A·
811 2498 969 2557 ετεροι
996 2494 1274 2545 πραγμασιν
1307 2473 1598 2542 ἀβουλήτοις
1622 2494 1756 2539 περι-

169 2550 398 2610 πεσόντες
427 2546 739 2599 διδάσκονται
775 2542 828 2598 τὸ
854 2549 1114 2614 χρησιμον,
1155 2548 1318 2613 ὥσπερ
1354 2544 1385 2612 ἡ
1414 2545 1628 2609 Μερόπη
1664 2565 1755 2607 φη·

173 2622 252 2668 σίν
277 2621 368 2668 αἱ
386 2615 524 2684 τύχαι
552 2650 615 2659 —-
644 2620 884 2682 ἐ’θηκαν’.
934 2624 1130 2684 Euripidi
1166 2624 1222 2669 fr.
1260 2624 1346 2669 hoe
1381 2629 1426 2668 et
1459 2622 1560 2668 456
1599 2621 1757 2665 tribuit

173 2694 425 2740 Barnesius.

911 2771 1014 2824 456

339 2867 566 2919 τεθνᾶσι
596 2866 787 2927 παῖδες
817 2858 920 2918 οὐκ
951 2862 1067 2932 ἐμοὶ
1097 2858 1237 2932 μόνῃ
1267 2861 1482 2933 βροτῶν
