2077 3139
297 126 396 180 116
899 127 1276 172 ΙΠΠΟΛΤΤΟΣ

398 270 785 329 Stoh.F10r.82‚
817 272 859 318 1
910 285 973 316 vs.
1003 274 1028 317 1
1061 280 1105 317 et
1131 272 1161 317 2
1189 273 1323 318 habet
1348 273 1466 319 Plut.
1494 273 1603 320 Mor.
1629 288 1672 336 p.
1701 275 1802 323 802
1829 279 1881 323 A.

289 355 352 387 vs.
381 341 410 387 3
437 348 482 386 et
507 340 539 386 4
565 340 768 386 Clemens
794 341 919 387 Alex.
947 341 1110 387 Strom.
1135 342 1155 387 I
1179 358 1224 402 p.
1254 343 1368 391 340.
1414 359 1476 388 vs.
1506 343 1535 389 2
1565 338 1650 389 ὦσι
1676 353 1721 391 et
1746 336 1880 422 λόγοι

290 410 414 456 Stoh.
466 426 530 456 vs.
559 411 589 457 3
617 400 915 471 εὗτρόχροισι
943 403 1148 469 στόμασι
1167 412 1414 472 Porsonus,
1441 403 1658 474 εὖρόοισι
1681 406 1879 475 στόμασι

289 480 421 526 Clem.
429 468 737 541 ,εὐρύθμοις
763 475 1038 539 πιστώμασι
1065 481 1190 527 Stob.

1026 616 1130 669 443

454 709 655 778 Θησεῦ,
688 711 938 777 παραινῶ
970 724 1055 763 σοι
1085 704 1144 763 τὸ
1176 712 1402 782 λῷστον,
1436 713 1486 763 εἰ
1513 720 1758 781 φρονεῖς,

451 792 670 861 γυναικὶ
701 797 904 848 πείθου
934 791 1072 863 μηδὲ
1101 787 1316 863 τάληθῆ
1347 791 1544 848 κλύων.

389 887 516 934 Stoh.
544 889 662 935 Flor.
693 889 775 947 73,
804 888 883 934 55.

1022 981 1128 1033 444

448 1069 641 1145 χρόνος
674 1073 916 1143 διέρπων
946 1067 1099 1126 πάντ’
1133 1067 1433 1142 ἀληθεύειν
1462 1078 1628 1143 φιλεῖ.

384 1169 508 1216 Stoh.
536 1169 624 1216 Ecl.
656 1170 711 1228 1,
749 1169 807 1231 8,
835 1168 898 1215 25
935 1184 977 1229 p.
1007 1167 1122 1215 234.

1021 1303 1125 1356 445

450 1438 463 1451 .
498 1441 506 1450 .
541 1392 675 1465 πρὸς
706 1398 892 1450 ἳππων
923 1386 1098 1458 εὐθυς
1130 1391 1370 1465 ὁρμήσας
1402 1391 1594 1450 στάσιν

383 1491 540 1537 Pollux
577 1492 631 1550 9,
669 1492 756 1539 50:
799 1482 965 1546 στάσις
1007 1487 1200 1545 ἵππων,
1240 1482 1301 1545 ὡς
1328 1482 1601 1551 Εὐριπίδης
1628 1484 1679 1534 ἐν
1708 1479 1871 1535 Ἱππο-

279 1555 406 1626 λύτῳ
434 1557 781 1625 καλυπτομένῳ
809 1563 822 1584 ‘
840 1557 957 1617 πρὸς
983 1587 1052 1593 -
1077 1554 1290 1605 στάσιν’.

1022 1695 1124 1747 446

449 1779 490 1843 ὦ
522 1785 764 1859 λαμπρὸς
797 1783 965 1857 αἰθὴρ
998 1784 1199 1857 ἡμέρας
1230 1783 1283 1840 θ’
1317 1780 1488 1855 ἁγνὸν
1518 1782 1673 1855 φάος,

449 1867 519 1935 ὥς
552 1869 658 1942 ἡδὺ
691 1868 944 1927 λεύσσειν
975 1884 1085 1934 τοῖς
1116 1891 1175 1925 τε
1206 1866 1548 1940 πράσσουσιν
1579 1871 1755 1933 καλῶς

447 1956 535 2010 καὶ
568 1968 707 2011 τοῖσι
740 1957 1123 2026 δυστυχοῦσιν,
1157 1943 1234 2008 οἷν
1264 1950 1457 2023 πέφυκ’
1495 1950 1614 2023 ἐγώ.

385 2050 511 2097 Stob.
537 2052 654 2097 Flor.
687 2052 803 2110 119,
831 2051 879 2098 8.

1026 2158 1128 2209 447

447 2240 488 2304 ὦ
521 2253 736 2320 δαῖμον,
770 2246 840 2313 ὡς
871 2246 970 2304 οὐκ
1002 2244 1103 2303 ἔστ’
1138 2244 1454 2318 ἀποστροφὴ
1486 2253 1701 2317 βροτοῖς

445 2336 554 2388 τῶν
587 2331 843 2404 ἐμφύτων
873 2355 931 2387 τε
963 2333 1051 2387 καὶ
1083 2329 1370 2402 θεηλάτων
1401 2335 1599 2386 κακῶν.

385 2428 509 2475 Stob.
539 2431 656 2474 Flor.
687 2430 769 2487 98,
795 2429 887 2474 44:
919 2420 990 2474 ‘cg
1020 2425 1193 2488 δαῖμον
1222 2455 1283 2461 -—
1312 2427 1519 2472 κακῶν’.
1574 2429 1626 2473 de
1662 2428 1866 2473 lemmate

230 2544 235 2548 .
279 2499 387 2545 haec
411 2507 595 2544 annotat
622 2499 781 2544 Gaiss.:
812 2497 1036 2559 ‘Euripidi
1066 2500 1262 2544 tribuere
1290 2499 1462 2543 videtur
1490 2499 1587 2555 Tr„
1624 2498 1865 2542 Brunckius

280 2570 489 2629 Sophocli
527 2583 550 2614 e
578 2569 676 2614 cod.
705 2569 917 2624 Vindob.;
957 2584 1007 2614 ex
1034 2573 1065 2612 A
1105 2568 1213 2614 nihil
1250 2568 1469 2613 enotavi’.
1520 2574 1676 2626 postea
1714 2567 1865 2612 docuit

280 2636 429 2683 ἱπποὶ
454 2640 612 2684 lemma
640 2646 787 2684 extare
813 2639 856 2683 in
885 2640 1036 2684 codice
1064 2638 1247 2684 vindob.
1277 2627 1637 2691 Ιπποθόωντος
1672 2638 1863 2682 coniecit

278 2709 533 2754 Meinekius.

1025 2788 1127 2840 448

446 2873 557 2934 ἀλλ’
592 2875 658 2934 οὐ
693 2875 794 2949 γὰρ
826 2873 1006 2947 ὀρθῶς
1038 2882 1205 2934 ταῦτα
1238 2882 1522 2950 κρίνουσιν
1552 2880 1692 2932 θεοί.
