2077 3139
261 128 331 181 46
921 127 1199 169 ANTiomx

262 266 451 318 ὁπόθεν
487 262 589 328 δόξε
572 287 638 326 εις
663 271 895 355 φρονεῖν
930 261 1092 352 άλλρις
1127 286 1184 314 τα
1222 277 1391 328 κομψα
1417 257 1551 313 ταῦτ’
1581 259 1724 327 ἆφεις
1752 266 1849 315 εἴτε

263 337 512 403 ληρήματα
538 334 628 401 χρὴ
652 337 809 400 φάναι
836 341 963 386 εἰναι
987 337 1082 385 εἴτε
1109 338 1364 399 φλυαρίας,
1393 335 1468 396 ’ἐξ
1491 330 1846 399 ὠν-δόμοις’

265 414 344 491 (vs.
369 410 439 494 6),
468 410 627 470 ζηλῶν
652 404 742 458 οὖν.
771 407 1052 472 ἐλέγχοντας
1084 403 1265 467 ανδρας
1290 406 1346 455 τὰ
1371 425 1522 468 μικρα
1546 409 1714 470 ταῦτα,
1738 399 1849 454 ἀλλ’

262 475 337 536 οἷς
363 479 462 527 ἐστι
489 477 571 526 καὶ
597 480 699 542 βίος
736 476 817 526 καὶ
844 475 922 536 ὁόξ
905 497 956 524 α
994 475 1076 524 καὶ
1111 473 1232 524 ἄλλα
1257 471 1409 524 πολλὰ
1435 471 1622 540 ἀγαθά.
1683 495 1771 540 quo
1797 482 1851 525 de

262 554 363 598 loco
390 552 733 613 olympiodorus
760 555 803 597 in
807 552 1054 629 Arclnvs.
1075 552 1197 596 Phil.
1225 566 1270 596 u.
1291 551 1436 597 Paed.
1467 550 1551 595 vol.
1578 549 1640 595 14
1667 565 1708 610 p.
1723 550 1849 596 285:

263 619 336 668 ἐκ
324 624 448 676 ῖνος
476 623 675 683 (Zethus)
702 617 752 668 δὲ
780 622 883 666 εἰπε
909 619 976 686 τῷ
996 612 1224 683 Ἀμφίονι
1262 613 1448 679 (ἄμφίω
1472 612 1543 666 ὅτι
1548 618 1687 694 cod.)
1713 618 1849 663 πολέ-

261 708 366 750 μων
393 687 444 737 δὲ
470 684 731 752 ευμουσιάν
755 686 921 743 ὄίσκει,
958 684 1098 745 οὗτος
1127 685 1178 735 δὲ
1210 686 1351 780 ‹pnole
1360 705 1672 767 πραγματων.
1724 689 1851 736 Stoi».

262 763 510 820 Flor.56‚
551 762 638 809 13:
699 752 977 822 Εὐριπίδου
1011 749 1284 818 Ἀντιόπης.
1337 750 1548 805 (τοιαῦτ’
1596 785 1668 793 --
1709 757 1848 816 σοφί-

261 834 446 891 σματα’
483 832 563 890 (vs.
591 833 686 879 3—
696 834 760 888 5).
821 834 895 878 Dio
933 833 1085 893 Chrys.
1117 831 1208 886 73,
1238 831 1325 877 10:
1379 825 1461 874 καὶ
1497 824 1559 888 νὴ
1589 827 1684 873 Δία
1722 825 1852 888 λέγοι

261 919 323 947 αν
359 897 441 947 καὶ
477 896 587 946 τόδε
622 892 674 945 τὸ
703 899 817 955 ἔπος
845 897 921 958 ξἐξ
960 895 1028 947 ὠν
1057 927 1118 933 -
1149 893 1344 957 ὁόμοις’
1386 913 1469 958 (vs.
1497 901 1560 958 6).
1613 900 1850 959 Euripiden

263 973 391 1018 verba
428 984 479 1017 ex
517 973 585 1017 his
626 972 739 1018 locis
767 974 883 1017 eruit
911 973 1224 1018 Valckenarius
1252 971 1383 1015 Diatr.
1414 986 1452 1030 p.
1482 970 1561 1016 86.
1616 985 1676 1014 vs.
1705 970 1734 1014 2
1765 978 1852 1015 tra·

261 1044 401 1087 ditum
430 1041 615 1086 παῦσαι
641 1035 683 1086 6'
715 1037 920 1101 ἐλέγχων
948 1045 991 1087 in
1019 1039 1201 1085 παῦσαι
1226 1036 1459 1103 μελῳδῶν
1486 1040 1666 1093 mutavi,
1695 1040 1749 1085 cs.
1778 1043 1850 1083 Ar.

261 1116 338 1157 Av.
370 1112 500 1159 1382
530 1120 572 1156 et
600 1112 721 1158 Com.
749 1127 881 1157 anon.
905 1112 936 1156 4
965 1127 1007 1170 p.
1027 1112 1140 1159 659.
1177 1110 1387 1170 deinceps
1413 1106 1641 1169 πολέμων
1661 1109 1851 1169 olymp„

261 1180 505 1241 πολεμίων
534 1182 677 1228 Vulck.

1019 1245 1115 1298 189

431 1340 490 1392 ἐκ
522 1335 722 1403 παντὸς
754 1333 822 1391 ἆν
853 1360 932 1402 τις
963 1334 1275 1406 πράγματος
1309 1338 1516 1391 δισσῶν
1547 1331 1728 1403 λόγων

429 1420 614 1491 ἀγῶνα
644 1418 778 1477 θεῖτ’
815 1417 901 1490 ἅν,
937 1425 986 1475 εἰ
1016 1422 1195 1490 λέγειν
1227 1427 1309 1490 εἴη
1342 1418 1525 1489 σοφός.

367 1518 493 1563 Siob.
525 1518 640 1562 Flor.
671 1517 750 1568 82,
780 1517 808 1561 2
838 1525 881 1562 et
909 1518 1010 1561 Am.
1035 1517 1103 1560 XV
1130 1532 1171 1576 p.
1199 1517 1297 1563 677
1327 1517 1354 1560 B
1382 1515 1522 1573 (Eust.
1550 1515 1594 1558 11.
1626 1529 1666 1572 p.
1701 1513 1852 1570 1192,

261 1587 363 1645 48).
415 1588 545 1632 verba
582 1587 788 1632 videntur
821 1588 1110 1646 Amphionis,
1149 1592 1264 1631 sicut
1301 1587 1353 1631 fr.
1395 1584 1678 1631 190—201.
1730 1584 1852 1628 Zethi

263 1665 307 1703 et
345 1658 608 1717 Amphionis
644 1659 994 1702 controversiam
1033 1664 1211 1715 praeter
1246 1657 1505 1702 Ciceronem
1544 1653 1657 1717 (vide
1694 1668 1734 1713 p.
1768 1653 1853 1708 42)

262 1730 447 1788 respicit
473 1728 690 1772 Aristides
718 1727 803 1772 vol.
831 1726 859 1771 2
888 1741 929 1786 p.
964 1727 1058 1772 133
1087 1742 1152 1786 sq.

342 1799 364 1805 ”
1018 1819 1116 1870 190

431 1907 570 1981 λύρα
602 1912 749 1980 βοῶν
797 1953 806 1964 .
857 1955 866 1964 .
915 1901 1054 1980 ῥύσι’
1093 1905 1415 1979 ἑξερρύσατο

366 2010 625 2067 Anonymus
661 2008 714 2051 dc
748 2007 897 2065 lyricis
926 2008 1071 2065 poetis
1100 2007 1143 2049 in
1172 2005 1334 2050 Anecd.
1357 2004 1495 2049 Boiss.
1520 2002 1606 2048 vol.
1637 2003 1667 2048 4
1696 2003 1852 2062 p.459

266 2073 301 2137 (3
308 2079 374 2122 ize
400 2078 599 2137 Append.
629 2078 730 2121 Lex.
767 2075 950 2121 ⁸»indob.
953 2091 1027 2153 p
1043 2075 1142 2121 322
1171 2072 1283 2134 sq):
1324 2067 1444 2128 λύρα
1471 2070 1638 2118 τοίνυν
1673 2083 1853 2131 προση·

262 2138 479 2208 γορεύθη
518 2140 597 2191 διὰ
632 2135 682 2189 τὸ
728 2137 902 2203 λύτρον
939 2134 1033 2190 ὑπὸ
1062 2135 1245 2202 Ερμοῦ
1279 2136 1513 2188 δεδόσθαι
1550 2157 1634 2200 της
1671 2140 1855 2198 κλοπῆς

265 2219 362 2261 τῶν
397 2214 529 2275 βοῶν
564 2213 649 2260 τοῦ
670 2209 1001 2271 Λπόλλωνος,
1040 2208 1268 2269 καθάπερ
1303 2208 1455 2271 φησὶν
1493 2201 1768 2270 Εὐριπίδης
1804 2207 1856 2256 ἐν

257 2278 489 2349 Ἀντιόπῃ
535 2280 686 2345 ελύρα
731 2282 863 2344 βοῶν
908 2280 1034 2342 ρ’ύσα
1079 2277 1407 2342 ἕξερρύσατο’.
1470 2275 1590 2345 λύρα
1629 2290 1674 2328 et
1708 2274 1856 2342 ῥυσια

265 2358 458 2403 coniecit
486 2359 647 2413 Boiss„
676 2350 799 2416 λύρα
824 2353 953 2417 βοῶν
980 2370 1060 2399 νιν
1087 2347 1216 2416 ῥύσι’
1241 2346 1525 2414 ἐξερρύσατο
1553 2353 1700 2413 Vuger
1719 2353 1856 2398 Theb.

267 2427 420 2471 Parad.
450 2442 492 2486 p.
522 2427 601 2473 33.

1022 2489 1117 2542 191

493 2628 502 2636 .
550 2593 803 2653 κρεῖσσον
834 2577 1002 2650 ολβου
1034 2583 1210 2649 κτῆμα

369 2678 576 2724 philostr.
607 2679 651 2722 V.
682 2678 816 2750 Soph.
842 2677 889 2735 2,
919 2678 980 2723 27
1010 2677 1194 2737 p.‘270‚
1226 2677 1313 2721 11:
1351 2669 1547 2734 μελέτης
1575 2663 1673 2718 δὲ’
1651 2687 1677 2718 o
1697 2663 1858 2718 Ιππό·

269 2743 444 2828 δρομος
480 2739 592 2792 ούτε
627 2743 678 2792 ἕν
712 2747 849 2824 ἀγρῷ
865 2739 1194 2821 διαιτώμενος
1237 2738 1402 2803 ἠμελει
1438 2735 1546 2789 οὕτε
1582 2734 1858 2797 ὁδοιπορῶν

267 2811 374 2862 οὔτε
403 2813 453 2861 ἐν
485 2814 734 2882 Θετταλίᾳ,
761 2806 883 2862 αλλὰ
910 2812 991 2860 καὶ
1028 2816 1279 2875 (κρεῖττον
1304 2807 1451 2874 ὄλβου
1480 2810 1669 2872 κτῆμα’
1698 2808 1856 2857 ἐκάλει

267 2879 421 2947 αὐτὴι
447 2882 500 2932 ἐκ
528 2885 622 2932 τῶν
651 2866 925 2948 Εὐριπίδου
952 2900 999 2931 τε
1026 2878 1122 2947 ὖμι
1131 2883 1197 2931 ὧν
1226 2879 1306 2929 καὶ
1334 2875 1543 2944 Αμφιοι
1548 2898 1614 2940 ος
