2077 3139
279 143 349 197 60
907 143 1235 186 ΑΡΧΕΛΑΟΣ

1021 281 1119 332 251

447 370 519 443 μὴ
550 367 815 426 πλούσιον
844 372 975 442 θῇς·
1010 371 1352 439 ἐνδεέστερος
1385 367 1486 440 γάρ
1519 364 1597 425 ὧν

449 453 701 520 ταπεινὸς
733 460 906 509 ἔσται·
939 466 1087 510 κεῖνο
1120 449 1166 508 δ’
1201 451 1377 524 ἰσχύει
1406 457 1563 524 μέγα,

448 542 682 603 πλοῦτος
713 537 901 607 λαβών
929 559 987 592 τε
1017 540 1212 592 τοῦτον
1243 536 1468 608 εὐγενὴς
1498 534 1656 607 ἀνήρ.

386 634 512 682 Stob.
540 635 659 680 Flor.
686 636 770 692 91,
800 635 878 680 18.

1025 753 1128 805 252

448 839 729 916 τυραννίὸ’
763 839 798 913 ἣ
827 846 980 899 θεῶν
1011 845 1241 913 δευτέρα
1271 849 1566 913 νομίζεται·

448 927 506 984 τὸ
537 926 610 1000 μὴ
640 937 839 983 θανεῖν
870 925 972 998 γὰρ
1004 924 1105 982 οὐκ
1137 932 1265 998 ἔχει,
1295 927 1359 982 τὰ
1393 923 1438 981 δ’
1472 923 1584 982 ἄλλ’
1620 932 1749 999 ἔχει.

387 1026 513 1073 stob.
540 1025 661 1070 Flor.
688 1025 773 1082 47,
801 1024 846 1070 5.

1026 1116 1127 1168 253

450 1213 687 1280 κρείσσω
718 1202 822 1277 γὰρ
853 1203 978 1262 οὔτε
1011 1207 1213 1261 δοῦλον
1242 1203 1348 1261 οὔτ’
1387 1203 1685 1275 ἐλεύθερον

451 1295 674 1362 τρέφειν
707 1293 765 1345 ἐν
795 1298 963 1355 οἴκοις
995 1287 1233 1360 ἀσφαλὲς
1263 1302 1374 1354 τοῖς
1405 1288 1703 1362 σώφροσιν.

393 1388 517 1435 Stoh.
545 1388 665 1432 Flor.
697 1386 779 1445 62,
808 1388 888 1432 11.

1028 1508 1130 1559 254

455 1603 506 1654 εἰ
533 1601 644 1652 τῶν
677 1601 907 1652 δικαίων
937 1595 1041 1666 γὰρ
1072 1595 1228 1668 νόμοι
1258 1594 1296 1651 τ’
1335 1593 1613 1666 αὐξήματα

453 1681 661 1754 μεγάλα
692 1684 942 1752 φέρουσι,
974 1679 1152 1736 πάντα
1186 1677 1232 1735 δ’
1265 1678 1583 1749 ἀνθρώποις
1626 1727 1636 1736 .
1680 1723 1694 1738 .

453 1764 570 1821 τάὸ’
607 1766 718 1820 ἐστὶ
749 1761 991 1836 χρήματ’,
1025 1761 1093 1835 ἦν
1123 1788 1200 1829 τις
1233 1762 1433 1836 εὐσεβῇ
1463 1762 1613 1820 θεόν.

394 1863 529 1908 Orion
555 1862 674 1906 Flor.
713 1861 768 1919 3,
808 1862 833 1906 1
871 1877 915 1921 p.
946 1860 1072 1918 253,
1099 1861 1147 1907 4.
1205 1876 1267 1907 vs.
1299 1862 1324 1906 1
1355 1869 1400 1906 et
1426 1860 1454 1905 2
1493 1861 1691 1906 nondum
1727 1875 1873 1907 emcn-

288 1933 392 1980 dati.
450 1948 509 1977 vs.
540 1932 569 1978 3
597 1925 740 1992 θεόν]
770 1931 802 1976 s.
827 1923 976 1986 θεούς
1004 1932 1092 1990 leg.

1029 2065 1132 2117 255

456 2159 664 2220 απλοῦς
693 2151 721 2210 ὁ
754 2158 953 2226 μῦθος,
984 2153 1057 2226 μὴ
1089 2150 1195 2224 λέγ’
1231 2146 1317 2210 εὖ·
1350 2154 1408 2210 τὸ
1441 2152 1543 2225 γὰρ
1575 2156 1756 2224 λέγειν

458 2231 537 2310 εὖ,
573 2238 756 2295 δεινόν
788 2241 954 2309 ἐστιν,
988 2244 1038 2294 εἰ
1064 2241 1221 2310 φέροι
1251 2237 1372 2293 τινὰ
1402 2237 1630 2309 βλάβην.

392 2337 518 2384 stol).
547 2337 665 2382 Flor.
694 2336 778 2395 34,
807 2335 853 2381 2.

1035 2427 1138 2480 256

372 2541 424 2579 A.
457 2515 628 2587 πόλλ’,
662 2509 703 2571 ὦ
732 2519 945 2586 τέκνον,
977 2515 1318 2587 σφάλλουσιν
1346 2515 1678 2588 ἀνθρώπους
1709 2521 1847 2574 θεοί.

373 2625 425 2665 B.
458 2599 516 2657 τὸ
549 2604 749 2675 ῥᾷστον
781 2600 955 2671 εἶπας,
987 2599 1339 2657 αἰτιάσασθαι
1367 2600 1548 2666 θεούς.

394 2699 510 2744 ΡΙυῑ.
541 2699 648 2744 Mor.
674 2713 716 2757 p.
747 2698 813 2744 20
837 2699 891 2742 D:
927 2693 1001 2742 δεῖ
1032 2695 1103 2760 τῷ
1137 2695 1348 2756 βελτίονι
1383 2698 1688 2758 συνῆγορεῖν,
1719 2690 1876 2755 ὥσπερ

291 2762 343 2813 ἕν
377 2764 565 2822 τούτοις
603 2757 766 2812 επόλλ’
798 2792 860 2798 -
890 2760 1085 2821 θεούς’.
1143 2783 1206 2814 vs.
1248 2770 1272 2813 1
1316 2783 1368 2814 ex
1401 2768 1625 2828 Euripidis
1658 2768 1876 2814 Archelao

293 2839 419 2884 affert
452 2839 647 2883 lustinus
683 2837 738 2881 M.
766 2837 820 2882 (le
846 2839 1103 2883 monarchia
1129 2852 1166 2883 c.
1195 2836 1239 2884 5.
1297 2853 1359 2883 vs.
1388 2837 1418 2882 2
1454 2838 1587 2884 habet
1621 2837 1736 2883 Plut.
1764 2838 1875 2883 Mor.

292 2922 332 2969 p.
365 2908 496 2956 1049
523 2907 571 2952 F.
627 2921 782 2953 versus
807 2908 933 2967 prior
959 2907 1096 2954 Cissei
1124 2907 1314 2968 videtur,
1340 2908 1545 2954 Archelai
1574 2908 1702 2953 alter.
