2077 3139
318 109 417 162 136
943 110 1324 152 ΜΕΛΑΝῙΠΠΗ

1064 247 1168 300 498

422 340 524 384 Ath.
551 337 624 383 XII
662 352 704 398 p.
733 335 832 384 523
861 339 915 383 D.
954 327 1224 395 ὠνομάσθη
1260 330 1308 380 δ’
1342 325 1374 395 ἡ
1413 337 1582 392 Σῖρις.
1620 326 1682 392 ὦς
1715 332 1805 397 μὲν
1832 333 1912 383 Τι’·

315 421 459 468 μαιος
492 402 614 467 φησὶ
652 403 735 452 καὶ
762 400 1040 467 Εὐριπίδης
1075 401 1125 451 ἐν
1161 402 1417 466 δεσμώτιὸι
1442 405 1779 473 Μελανίππῃ,
1813 397 1912 454 ἀπὸ

318 471 553 540 γυναικός
579 491 710 533 τινος
739 474 952 538 Σίριδος.

1065 682 1169 734 499

482 779 715 831 τίσασθε
744 771 936 843 τήνδε·
969 775 1060 829 καὶ
1090 772 1193 843 γὰρ
1227 775 1489 830 ἐντεῦθεν
1521 786 1674 830 νοσεῖ

484 856 551 913 τὰ
580 862 691 913 τῶν
721 859 1029 928 γυναικῶν·
1062 863 1118 913 οἳ
1143 858 1244 929 μὲν
1274 853 1306 928 ἢ
1339 862 1554 913 παίδων
1585 860 1707 928 πέρι

485 938 518 1013 ἢ
550 947 873 1012 συγγενείας
906 937 1064 997 εἵνεκ’
1097 939 1200 996 οὐκ
1231 939 1522 997 ἀπώλεσαν

485 1024 660 1096 κακὴν
690 1024 975 1095 λαβόντες·
1012 1024 1125 1080 εἶτα
1155 1031 1314 1081 τοῦτο
1344 1023 1568 1081 τᾶδικον

483 1117 710 1173 πολλαῖς
739 1107 1056 1182 ὑπερρύηκε
1088 1111 1178 1164 καὶ
1209 1121 1379 1181 χωρεῖ
1405 1107 1610 1181 πρόσω,
1716 1126 1745 1167 5

486 1191 604 1250 ὥστ’
643 1195 879 1265 ἐξίτηλος
910 1189 1075 1264 ἁρετὴ
1108 1200 1449 1250 καθίσταται.

421 1305 545 1351 Stob.
574 1304 694 1351 Flor.
723 1305 806 1365 74,
835 1305 887 1352 6:
914 1294 1193 1366 Εὐριπίδου
1220 1300 1541 1364 Μελανίππη.
1592 1299 1819 1349 Ιῐτίσασθε
1845 1328 1914 1338 —-

315 1373 610 1420 καθίσταται
625 1376 656 1422 ’.

484 1557 629 1629 πλὴν
659 1561 753 1630 τῆς
783 1556 1044 1629 τεκούσης
1075 1562 1224 1628 θῆλυ
1255 1560 1366 1613 πᾶν
1396 1561 1537 1629 μισῶ
1570 1560 1742 1629 γένος.

421 1656 550 1702 Stob.
577 1657 697 1702 Flor.
729 1656 811 1715 73,
840 1657 928 1703 10:
956 1648 1234 1718 Εὐριπίδου
1260 1653 1608 1715 *Μελανίππης
1661 1645 1818 1714 ’πλὴν
1845 1679 1915 1688 —-

315 1719 502 1788 γένος’.

1066 1819 1167 1872 501

487 1907 663 1982 μάτην
694 1905 774 1981 ἄρ’
809 1913 885 1974 εἰς
916 1923 1182 1980 γυναῖκας
1216 1911 1266 1976 ἐξ
1298 1904 1521 1980 ἀνδρῶν
1551 1906 1718 1980 ψόγος

487 1992 682 2061 ψάλλει
713 1992 878 2049 κενὸν
909 1991 1140 2066 τόξευμα
1171 1995 1262 2048 καὶ
1294 1996 1470 2057 κακῶς
1502 1995 1672 2063 λέγει·

487 2083 547 2133 αἳ
576 2075 628 2132 δ’
666 2075 761 2132 εἷ’σ’
798 2073 1057 2148 ἀμείνους
1089 2075 1356 2148 ἀρσένων,
1390 2075 1493 2148 ἐγώ
1526 2079 1680 2147 λέγω.

422 2187 521 2233 Vita
547 2189 651 2234 Eur.
689 2190 735 2233 in
762 2189 1004 2235 Westerm.
1041 2187 1205 2248 Βιογρ.
1249 2203 1292 2248 p.
1323 2188 1451 2246 136,
1489 2188 1578 2235 73·
1616 2183 1669 2232 ἐι
1703 2185 1827 2247 γοῦν
1855 2185 1915 2250 τῇ

324 2255 632 2320 ,Μελανίππῃ
656 2253 766 2313 περὶ
794 2249 956 2303 αὐτῶν
981 2252 1095 2303 τάδε
1122 2256 1245 2316 φησί
1267 2255 1452 2318 ματην
1476 2284 1543 2291 -
1570 2253 1719 2318 λέγω’
1747 2253 1830 2301 καὶ
1857 2254 1912 2302 τὰ

319 2322 444 2385 ἕξης.
495 2343 559 2374 vs.
589 2327 617 2373 2
656 2329 786 2374 verba
812 2323 895 2373 καὶ
921 2325 1081 2383 κακῶς
1117 2323 1244 2389 λέγει
1271 2328 1587 2390 interpolatori
1619 2328 1779 2373 tribuit
1808 2328 1914 2372 Her·

317 2398 572 2444 werdenus.
626 2413 693 2444 vs.
720 2398 750 2446 3
779 2392 877 2463 ἐμῷ
904 2390 1030 2463 λόγῳ
1057 2399 1352 2459 Fritzschius,
1381 2398 1529 2443 malim
1556 2391 1586 2461 ᾑ
1613 2387 1706 2459 ἐγὼ
1730 2392 1868 2458 λέγω.

1071 2534 1175 2587 502

486 2620 634 2688 ὅστις
666 2619 710 2678 δ’
746 2620 971 2695 ἄμικτον
1002 2617 1183 2695 πατέρ’
1218 2629 1325 2695 ἔχει
1357 2628 1577 2688 νεανίας

489 2704 726 2777 στυγνόν
756 2704 797 2762 τ’
833 2709 890 2763 ἐν
921 2716 1107 2777 οἴκοις,
1139 2706 1347 2779 μεγάλα
1378 2708 1627 2777 κέκτηται
1659 2704 1811 2762 κακά.

427 2803 551 2850 Stob.
587 2804 708 2850 Flor.
745 2804 837 2864 83,
875 2805 927 2852 3:
972 2794 1253 2866 Εὖριπίδου
1290 2800 1611 2863 Μελανίππη.
1663 2795 1820 2859 εὅστις
1851 2828 1912 2836 —-

319 2867 449 2918 κακά
463 2873 495 2920 ’.
