2077 3139
601 118 970 162 FABVLARVM
991 119 1212 165 FRAGM.
1482 157 1486 160 .
1595 115 1699 170 255

113 262 348 321 vitiosum,
384 256 506 307 ὅπου
545 262 684 307 suasit
718 262 988 319 MeinelziuS‚
1024 275 1076 306 an
1104 253 1198 323 ὅτῳ
1234 261 1359 322 leg.?
1406 275 1468 310 vs.
1497 261 1526 308 9
1562 257 1696 320 μελέ-

115 329 244 393 δημα
269 332 448 393 scripsi,
474 326 714 391 μελέτημα
740 332 841 377 cod.

856 450 957 503 903

278 540 503 614 χρύσεαι
537 539 603 611 δή
634 564 724 612 μοι
755 543 1017 612 πτέρυγες
1049 542 1173 610 περὶ
1206 538 1361 615 νω’τςο

279 628 367 680 καὶ
398 623 462 680 τὰ
495 624 786 695 Σειρήνων
816 622 1112 694 πτερόεντα
1145 623 1316 680 πέδιλ’
1350 622 1655 696 ἁρμόζεται,

280 707 520 779 βάσομαί
546 706 584 762 τ’
623 713 698 771 εἰς
731 710 929 779 αἰθέρα
961 707 1135 764 πολὺν
1167 705 1390 779 ἀερθεὶς

279 793 413 863 Ζηνὶ
447 794 766 863 προσμίξων

218 903 418 948 Clemens
455 903 574 948 Alex.
614 903 700 948 Str.
740 902 790 946 lV
834 916 878 962 p.
918 901 1041 948 642:
1091 891 1115 948 ὅ
1159 897 1247 960 μὲν
1292 901 1383 948 οὐν
1422 893 1699 980 Εὐριπίδης

110 964 283 1033 ’χρύσε
288 987 338 1016 αι
377 963 436 1031 δή
471 986 553 1032 μοι
591 967 820 1032 πτέρυγες
856 967 965 1028 περὶ
1004 965 1176 1036 νώτῳ’
1224 969 1348 1031 φησί
1389 968 1500 1017 *καὶ
1534 963 1592 1017 τὰ
1635 999 1696 1006 -

110 1039 432 1102 u906pel'gmv'.
494 1057 558 1087 vs.
599 1043 624 1088 1
663 1043 849 1102 respicit
889 1042 1005 1086 Plut.
1044 1043 1154 1089 Mor.
1190 1058 1234 1103 p.
1274 1043 1372 1090 786
1402 1044 1456 1088 D.
1500 1033 1558 1088 οὗ
1594 1044 1699 1098 ταῖς

109 1104 386 1172 Εὐριπίδου
409 1113 620 1190 χρυσαῖς
655 1107 906 1169 πτέρυξιν,
941 1101 1065 1156 αλλὰ
1090 1114 1208 1167 τοῖς
1217 1110 1556 1167 Πλατωνικοῖς
1583 1108 1698 1158 ἐκεί·

111 1197 212 1236 νοις
247 1177 331 1226 καὶ
368 1172 616 1241 οὐρανίοις
651 1181 857 1241 πτεροῖς.
919 1196 980 1227 vs.
1020 1182 1048 1227 2
1085 1173 1343 1239 ἁρμόζεται
1380 1184 1478 1229 vide
1511 1197 1566 1228 an
1600 1182 1696 1229 Cle·

111 1254 248 1297 menti
276 1251 675 1298 de1›eatur.xs.3
704 1242 864 1311 αἰθέρ’
896 1243 1098 1308 ἄπειρον
1125 1243 1319 1312 ἀερθεὶς
1348 1253 1697 1311 Ηθίῑοεοεῑὴίιιε,

110 1317 334 1382 αἰθέριον
359 1314 515 1366 πόλον
541 1310 714 1382 αρθεὶς
743 1322 821 1366 Th
852 1320 1160 1382 Gomperzius.

859 1456 961 1507 904

280 1548 364 1603 σοὶ
394 1548 467 1620 τῷ
499 1545 719 1601 πάντων
749 1547 998 1616 μεδέοντι
1030 1543 1162 1616 χοὴν

280 1627 518 1685 πέλανόν
548 1652 605 1684 τε
635 1631 803 1700 φέρω,
839 1629 975 1694 Ζεὺς
1009 1628 1098 1685 εἴτ’
1126 1627 1310 1700 Ἀίδης

279 1710 668 1784 ὀνομαζόμενος
699 1715 965 1782 στέργεις’
999 1712 1068 1768 σὺ
1103 1714 1167 1768 δέ
1191 1737 1280 1784 μοι

280 1802 488 1852 θυσίαν
518 1794 732 1868 ἄπυρον
762 1803 1134 1868 παγκαρπείας

284 1881 430 1958 δέξαι
460 1878 638 1950 πλήρη
671 1889 1063 1951 προχυθεῖσαν.
1585 1897 1611 1939 5

283 1961 352 2020 σύ
384 1962 489 2034 γὰρ
523 1971 580 2020 έν
611 1987 666 2020 τε
697 1973 847 2029 θεοῖς
879 1978 990 2030 τοῖς
1021 1961 1341 2037 οὐρανίδαις

282 2049 558 2118 σκῆπτρον
589 2046 646 2102 τὸ
678 2046 813 2111 Διὸς
843 2054 1229 2120 μεταχειρίζων

283 2136 525 2202 χθονίων
555 2128 606 2187 θ’
630 2128 789 2204 ’Ἅιδῃ
820 2134 1071 2205 μετέχειςο
1091 2130 1275 2204 ἀρχῆς.

284 2216 498 2285 πέμψον
530 2211 574 2269 δ’
610 2217 661 2279 ἐς
692 2219 808 2286 φῶς
842 2215 1016 2287 ψυχὰς
1050 2218 1252 2285 ἐνέρων

281 2310 393 2362 τοῖς
424 2301 774 2370 βουλομένοις
805 2295 1010 2364 ἄθλους
1041 2309 1350 2370 προμαθεῖν
1564 2316 1616 2358 10

282 2379 458 2437 πόθεν
490 2387 770 2453 ἔβλαστον,
801 2388 879 2447 τίς
912 2386 1028 2453 ῥίζα
1058 2386 1260 2453 κακῶν,

282 2470 404 2520 τίνα
437 2469 526 2520 δεῖ
551 2464 810 2537 μακάρων
843 2468 1252 2537 ἐκθυσαμένους

287 2544 471 2616 εὑρεῖν
501 2547 726 2620 μόχθων
756 2545 1096 2605 ἀνάπαυλαν.

220 2658 422 2704 Clemens
448 2659 568 2704 Alex.
597 2659 761 2706 Strom.
790 2661 820 2702 V
846 2677 887 2720 p.
918 2661 1040 2708 688:
1077 2653 1210 2705 πάνυ
1238 2659 1532 2721 θαυμαστῶς
1567 2653 1591 2707 ὁ
1620 2656 1697 2706 ἐπὶ

115 2726 200 2784 τῆς
225 2726 409 2787 σκηνῆς
443 2724 715 2787 φιλόσοφος
724 2722 1012 2794 Ευριπίδης
1048 2732 1149 2786 τοῖς
1183 2727 1545 2815 προειρημένοις
1579 2720 1697 2809 ἡμῖν

120 2790 336 2878 συνῳδὸς
370 2789 450 2842 διὰ
483 2813 666 2844 τουτων
692 2796 992 2859 ευρίσκεται,
1031 2797 1210 2862 πατέρα
1237 2797 1318 2846 καὶ
1344 2792 1455 2846 υἱὸν
1481 2792 1580 2861 αμα
1608 2815 1698 2846 ουκ

116 2854 212 2911 οἷδ’
246 2861 378 2923 ὅπως
402 2862 739 2929 αἰνισσόμενος
774 2865 877 2914 σοὶ
904 2885 969 2914 τω
996 2896 1064 2903 —-
1089 2868 1383 2932 προχυτιάν’
1413 2870 1494 2933 (v.s
1524 2871 1545 2917 1
1568 2869 1694 2931 -5).
