2077 3139
286 99 359 154 84
972 99 1200 140 AIKTTZ

286 241 375 289 τοῦ
402 239 615 299 Δίκτυος
649 232 737 302 τὴν
773 237 955 302 μητέρα
991 232 1072 286 διὰ
1097 230 1187 300 τὴν
1214 235 1525 286 Πολυδέκτου
1550 236 1690 301 βίαν,
1726 235 1873 287 εἰσελ-

287 303 398 358 θών
424 310 490 368 εἰς
515 303 600 358 τὸν
636 308 836 372 βασιλέα
858 338 928 345 —
953 302 1349 370 ἀπεστραμμένος
1383 299 1470 370 τὴν
1505 300 1724 370 κεφαλὴν
1750 310 1873 372 Γορ-

286 378 432 444 γόνος
458 378 632 442 ἔδειξε,
668 381 766 427 τῶν
794 377 843 427 δὲ
867 377 1076 428 ἰδόντων
1109 374 1286 426 ὁποῖον
1323 375 1522 436 ἕκαστος
1559 376 1694 441 ἔτυχε
1718 379 1875 442 σχῆμα

287 448 410 512 ἔχων
434 443 744 513 ἀπελιθώθη.

1030 543 1133 596 333

455 634 561 705 ἐγώ
595 641 792 706 νομίζω
825 634 986 705 πατρὶ
1018 638 1280 704 φίλτατον
1310 635 1472 688 τέκνα

454 724 647 774 παισίν
676 740 733 774 τε
761 715 886 782 τούς
916 715 1191 785 τεκόντας,
1223 712 1351 772 οὐδὲ
1383 714 1701 788 συμμάχους

455 799 653 867 ἄλλους
684 803 945 873 γενέσθαι
975 797 1113 873 φήμ’
1146 795 1216 856 ἂν
1247 802 1651 873 ἐνδικωτέρους.

393 897 516 944 stol).
546 899 662 944 Flor.
690 898 774 956 83,
806 899 883 945 18.

1031 990 1135 1042 334

456 1076 532 1146 εἷς
563 1079 664 1152 γάρ
695 1103 773 1145 τις
804 1085 915 1136 ἔστι
947 1077 1125 1145 κοινὸς
1156 1076 1471 1150 ἀνθρώποις
1501 1077 1667 1152 νόμος

456 1166 543 1220 καὶ
577 1174 759 1220 θεοῖσι
789 1165 950 1219 τοῦτο
984 1161 1166 1233 δόξαν,
1200 1158 1270 1229 ὡς
1302 1166 1489 1235 σαφῶς
1520 1166 1680 1234 λέγω,

453 1254 657 1318 θηρσίν
685 1271 743 1303 τε
775 1250 927 1317 πᾶσι,
957 1248 1120 1303 τέκνα
1150 1253 1427 1303 τίκτουσιν
1455 1255 1655 1319 φιλεῖν.

453 1330 517 1386 τὰ
552 1329 599 1386 δ’
636 1330 772 1386 ἄλλα
804 1331 966 1402 χωρὶς
997 1329 1240 1402 χρώμεθ’
1277 1328 1530 1401 ἀλλήλων
1558 1329 1758 1403 νίμψοις.

390 1428 514 1475 Stob.
542 1428 658 1474 Flor.
688 1428 771 1486 83,
803 1429 879 1474 17.
932 1443 994 1473 vs.
1024 1427 1052 1473 2
1081 1423 1249 1491 τοῦτο]
1277 1416 1422 1473 ταύτὸ
1448 1429 1677 1474 Heathius.

1037 1562 1139 1615 335

455 1653 594 1722 νέος,
627 1649 842 1707 πόνοισι
875 1648 924 1706 δ’
962 1648 1063 1707 οὐκ
1094 1648 1435 1724 ἀγύμναστος
1466 1653 1687 1724 φρένας.

392 1749 516 1796 stol).
542 1750 661 1795 Flor.
691 1748 773 1805 52,
801 1748 849 1795 5.

460 1978 636 2039 δοκεῖς
666 1972 761 2029 τὸν
777 1971 972 2043 ’Ἅιδην
1003 1975 1116 2029 σῶν
1145 1998 1195 2029 τι
1227 1981 1537 2046 φροντίζειν
1567 1972 1711 2046 γόων

457 2059 549 2114 καὶ
581 2053 735 2113 παῖδ’
770 2055 997 2128 ἀνήσειν
1027 2055 1124 2112 τὸν
1155 2056 1271 2129 σόν,
1306 2063 1355 2114 εἰ
1383 2060 1568 2125 θέλοις
1599 2057 1833 2129 στένειν;

458 2144 688 2197 παῦσαι·
721 2143 996 2211 βλέπουσα
1030 2139 1078 2196 δ’
1113 2146 1187 2205 εἰς
1217 2139 1282 2198 τὰ
1311 2144 1421 2198 τῶν
1452 2144 1617 2209 πέλας
1647 2142 1785 2198 κακὰ

461 2223 610 2298 ῥᾴων
639 2221 808 2295 γένοι’
843 2222 930 2296 ἄν,
964 2229 1014 2280 εἰ
1042 2231 1351 2296 λογίζεσθαι
1380 2227 1563 2292 θέλοις

459 2307 576 2364 ὅσοι
604 2332 663 2365 τε
696 2313 911 2380 δεσμοῖς
945 2309 1375 2381 ἐκμεμόχθηνται
1406 2314 1621 2383 βροτῶν
1809 2325 1837 2368 5

459 2390 577 2448 ὅσοι
606 2414 666 2447 τε
695 2391 1066 2463 γηράσκουσιν
1096 2389 1330 2464 ὀρφανοὶ
1361 2394 1587 2465 τέκνων,

457 2474 586 2540 τοὺς
619 2471 671 2531 δ’
707 2479 764 2530 ἐκ
794 2482 1050 2548 μεγίστης
1080 2473 1271 2547 ὀλβίας
1301 2482 1629 2549 τυραννίδος

457 2558 516 2614 τὸ
547 2559 717 2630 μηδὲν
747 2556 933 2624 ὄντας·
967 2558 1134 2616 ταῦτα
1165 2580 1228 2616 σε
1258 2576 1484 2618 σκοπεῖν
1514 2559 1705 2634 χρεών.

394 2655 511 2702 Plut.
539 2657 646 2701 Mor.
676 2672 717 2716 p.
750 2657 846 2703 106
866 2659 922 2701 A:
949 2650 975 2700 ὁ
1004 2652 1056 2703 δὲ
1081 2651 1526 2718 παραμυθούμενος
1553 2648 1642 2717 τὴν
1670 2656 1879 2716 Δανάην

294 2722 667 2771 δυσπενθοῦσαν
697 2722 874 2782 Δίκτυς
900 2724 1025 2785 φησί
1047 2729 1061 2750 ‘
1078 2724 1235 2782 δοκεῖς
1261 2753 1325 2761 -
1353 2722 1507 2787 χρεών
1524 2729 1555 2775 ’.
1593 2743 1656 2774 vs.
1687 2728 1716 2773 5
1743 2721 1878 2786 ἕμμε·

293 2789 580 2855 μόχλευνται
618 2795 858 2841 Benlleius.
917 2812 980 2842 vs.
1019 2798 1046 2842 7
1084 2793 1307 2858 μέγιστον
1345 2797 1597 2847 ElmsleiuS.
1658 2797 1878 2859 Euripidis

293 2866 431 2927 Dictyi
458 2867 541 2913 hos
567 2879 720 2912 versus
747 2866 980 2912 vindicavit
1006 2867 1298 2928 Musgravius.
