2077 3139
359 135 458 188 168
945 132 1356 175 ΠΛΕΙΣΘΕΝΗΣ

1091 271 1217 324 627ὅ
1252 290 1254 293 ’

523 363 590 422 οὗ
621 361 716 420 τὸν
748 360 848 420 σὸν
878 368 1040 418 ε”κταν
1071 363 1296 435 πατέρα,
1329 358 1594 433 πολέμιόν
1623 384 1685 432 γε
1713 359 1837 434 μήν.

462 462 609 508 Schol.
638 461 746 507 All.
775 460 844 518 A,
873 460 998 506 319:
1037 454 1183 504 ἔκταν
1225 484 1287 491 -
1326 454 1377 504 ἐν
1416 452 1585 518 χρήσει
1612 449 1780 535 ορᾶται
1798 450 1951 503 Ἀττι-

356 525 750 591 κοῐςΕὐριπίδης
764 497 1082 575 Πλέισθένει’ξ
1098 521 1156 574 οὐ
1176 518 1503 588 τον-μήν’.
1532 519 1685 574 οὖτὸν
1707 519 1951 574 σὸνέκταν

356 599 556 664 πατέρα]
598 603 789 648 sonasse
823 602 912 660 leg.
951 593 1039 644 τὸν
1072 590 1164 644 σὸν
1199 594 1440 646 κατέκταν
1464 595 1643 656 παῖδα,
1677 613 1791 659 quae
1818 600 1951 644 verba

357 675 522 733 sinep.
553 679 597 718 et
631 672 716 718 fab.
747 686 864 717 nom
894 677 1045 716 extant
1082 672 1128 715 in
1162 671 1348 745 Etym.
1336 670 1389 715 Μ.
1427 685 1471 731 p.
1503 670 1604 716 495
1633 683 1701 727 sq
1738 677 1783 715 et
1810 669 1950 728 Etym.

358 744 466 789 Gud.
493 759 536 803 p.
567 743 684 799 305,
715 742 792 788 28.
858 731 1089 801 πολέμιόν
1125 755 1178 802 γε
1215 731 1328 803 ww]
1367 735 1604 800 πολέμιον
1640 731 1683 783 δ’
1715 731 1830 799 ἐμόν
1870 740 1950 784 Th.

359 814 666 874 Gomperzius.

1081 876 1180 928 627
1199 877 1220 909 b

779 968 871 1023 καὶ
903 965 1130 1022 κάταιθε
1160 989 1234 1038 χω
1267 989 1317 1021 τι
1349 969 1447 1039 λῇς
1479 972 1635 1022 ποίει.

460 1068 602 1126 Ety.m
632 1065 750 1110 Flor.
779 1067 823 1110 in
849 1063 1007 1109 Milleri
1041 1064 1288 1123 Me'lanyes
1324 1065 1380 1109 de
1405 1067 1490 1110 lztt.
1522 1065 1602 1109 Gr.
1630 1079 1674 1123 p.
1703 1061 1827 1110 205:
1865 1059 1951 1123 λῇς

356 1136 469 1201 (λῷς
495 1137 593 1182 cod.
599 1137 612 1191 )
637 1125 728 1180 σὸν
753 1133 824 1199 τῷ
850 1135 880 1179 Ι
906 1129 1129 1192 δευτέρας
1154 1131 1381 1226 6v3v2c'ocg·
1405 1124 1515 1178 ἀντὶ
1541 1131 1627 1177 τοῦ
1653 1129 1816 1187 θέλεις
1845 1129 1950 1191 (θέ-

355 1207 441 1284 λῃς
476 1205 592 1264 cod.)
630 1195 906 1266 Ευριπίδης
942 1200 1285 1250 Πλεισθένειε
1303 1200 1385 1247 καὶ
1410 1229 1481 1237 -
1505 1201 1660 1249 ποίει’
1740 1196 1951 1247 κάταιθε

355 1267 436 1336 χοῖ
462 1292 506 1320 τι
542 1274 629 1339 λῃς
663 1277 891 1329 Duehner,
930 1263 1134 1320 κάταιθ
1167 1264 1234 1334 ἔχ’
1270 1265 1469 1332 ὠτειλῆς
1505 1275 1601 1320 cod.
1631 1274 1686 1320 ef.
1723 1274 1866 1350 Etym.
1896 1274 1949 1320 M.

355 1363 398 1408 p.
430 1347 559 1403 564
588 1346 677 1391 22:
729 1339 851 1391 ὅθεν
888 1341 973 1391 καὶ
1014 1335 1066 1390 τὸ
1109 1343 1193 1408 λῇς
1220 1336 1330 1389 ἀντὶ
1357 1343 1444 1389 τοῦ
1479 1340 1642 1398 θέλεις
1667 1359 1784 1403 μετα
1810 1340 1897 1389 τοῦ
1922 1343 1950 1388 1

356 1406 648 1479 Ευριπίδης.
685 1417 967 1463 Meinekius
955 1413 1146 1476 πίμπρη
1173 1430 1230 1475 με
1257 1410 1340 1460 καὶ
1367 1405 1573 1460 καταιθε
1602 1416 1810 1461 coniecit.

1098 1522 1199 1575 628

522 1598 675 1675 δήμῳ
710 1601 770 1656 δὲ
800 1597 934 1671 μήτε
963 1603 1074 1655 πᾶν
1104 1597 1417 1672 ἀναρτήσῃς
1448 1598 1642 1671 κράτος

519 1683 633 1757 μήτ’
670 1677 741 1740 αὖ
772 1682 1043 1756 κακώσῃς,
1075 1686 1313 1740 πλοῦτον
1345 1691 1563 1755 ἔντιμον
1593 1688 1785 1754 τνθείς,

520 1765 643 1841 μηδ’
677 1766 855 1841 ἄνδρα
889 1766 1042 1844 δήμῳ
1073 1765 1267 1824 πιστὸν
1301 1767 1533 1840 ἐκβάλῃς
1564 1790 1696 1823 ποτε

520 1850 642 1925 μηδ’
677 1847 806 1920 αῧξε
838 1855 1032 1924 καιροῦ
1061 1858 1264 1924 μεῖζον,
1296 1851 1360 1908 οὐ
1392 1849 1495 1923 γὰρ
1526 1849 1788 1923 ἀσφαλές,

519 1936 593 2008 μή
623 1955 708 1994 σοι
737 1935 1007 2010 τύραννος
1039 1934 1283 2009 λαμπρὸς
1316 1939 1369 2003 ἐξ
1400 1934 1567 1992 ἀστοῦ
1599 1938 1766 2007 φανῇ.
1877 1951 1904 1991 5

519 2022 714 2077 κόλουε
746 2017 791 2077 δ’
824 2019 1002 2092 ἄνδρα
1031 2018 1179 2091 παρὰ
1213 2026 1374 2092 δίκην
1403 2019 1734 2092 τιμώμενον·

521 2103 675 2161 πόλει
705 2105 807 2176 γὰρ
842 2103 1199 2176 εὐτυχοῦντες
1231 2109 1286 2161 οἱ
1313 2107 1470 2160 κακοὶ
1501 2103 1674 2168 νόσος.

456 2202 580 2249 Stob.
604 2203 722 2248 Flor.
749 2203 834 2262 48,
865 2205 907 2248 1.
948 2218 1010 2248 vs.
1040 2203 1069 2249 3
1097 2192 1306 2262 χρηστὸν
1333 2203 1590 2248 Meinekius.

1097 2309 1200 2361 629

518 2387 660 2442 εἰσὶν
690 2383 794 2457 γὰρ
829 2387 934 2442 εἰσὶ
968 2386 1230 2457 διφθέραι
1261 2392 1666 2457 μελαγγραφεῖς

517 2472 736 2525 πολλῶν
765 2472 1031 2541 γέμουσαι
1059 2474 1263 2536 Λοξίου
1293 2467 1625 2541 γηρυμάτων

456 2567 606 2612 Tzetz.
645 2569 688 2611 in
723 2567 887 2612 Anecd.
928 2567 1067 2613 Oxon.
1105 2566 1192 2612 vol.
1220 2567 1249 2613 3
1287 2582 1327 2626 p.
1359 2566 1486 2617 373.
1528 2565 1616 2612 20:
1667 2551 1943 2622 Εὗριπίδης

349 2626 440 2697 γὰρ
465 2631 702 2711 μέμνηται
739 2633 996 2696 διφθερῶν
1033 2632 1184 2697 λέγων
1213 2633 1262 2681 ἐν
1291 2630 1586 2682 Πλεισθένει
1614 2629 1731 2679 εεἰσὶ
1757 2628 1851 2695 γὰρ
1874 2657 1944 2666 -

349 2706 689 2768 γηρυματωνῆ
742 2721 810 2752 vs.
839 2705 868 2751 2
896 2704 1084 2752 πολιῶν
1109 2708 1272 2752 malim.

1094 2827 1198 2879 630

514 2910 861 2975 μηλοσφαγεῖ
887 2926 945 2959 τε
978 2901 1255 2975 δαιμόνων
1288 2899 1365 2958 ἐπ’
1403 2900 1652 2975 ἐσχάραις
