2077 3139
347 133 451 186 216
1022 135 1273 178 mmm:
1307 191 1311 201 ³

1103 273 1203 324 783

1188 368 1345 433 φίλος
1379 363 1445 418 δέ
1468 384 1560 434 μοι

520 443 746 512 ἄλουτος
780 448 838 502 ἐν
868 443 1105 517 φάραγξι
1137 444 1364 517 σήπεται
1394 448 1571 511 νέκυς.

455 557 888 616 Plut.)101.p.665
911 558 963 601 C:
990 551 1160 601 πολλοὶ
1186 571 1278 616 γαρ
1306 570 1415 602 ουτε
1441 555 1665 601 καίουσιν
1692 549 1802 602 οὔτε
1828 574 1943 603 κατ-

348 622 659 685 ορύττουσιν,
696 617 805 671 ἀλλ’
848 621 961 671 ε’ὦσι
994 620 1380 703 περιφραξαντες
1422 620 1538 672 ὥστε
1583 617 1798 687 ὁρᾶσθαι
1832 643 1944 682 τοις

350 711 553 755 νεκρους
589 686 840 754 ασήπτους
875 686 977 754 «isc,
1012 687 1100 757 τὴν
1123 685 1399 756 Εὐριπίδου
1424 692 1690 756 Κλυμένην
1727 692 1942 759 ἐλέγχοι,-

349 784 435 823 τας
462 762 540 812 ἐπὶ
567 765 654 812 τοῦ
685 762 969 821 Φαέθοντος
995 763 1227 812 εἰποῦσαν
1255 764 1423 825 φίλος
1447 792 1516 801 -
1542 763 1714 823 νέκυς’

1091 902 1193 954 784

1112 989 1384 1063 ψυκτήρια

517 1078 752 1147 δένδρεα
783 1081 1034 1147 φίλαισιν
1066 1073 1321 1131 ὠλέναισι
1352 1078 1561 1143 δέξεται

452 1189 556 1233 Ath.
586 1187 639 1232 xl
665 1202 709 1247 p.
741 1187 840 1233 503
862 1187 892 1230 D
929 1187 981 1232 de
1008 1202 1048 1233 v.
1078 1182 1353 1246 ψυκτήριαε
1383 1177 1653 1245 Εὐριπίδης
1691 1183 1942 1233 Φαέθοντι

347 1252 630 1318 ρψυκτήρια
661 1282 719 1289 -
752 1252 980 1313 δέξεται’.
1032 1271 1096 1302 vs.
1127 1256 1156 1301 2
1186 1252 1410 1319 δένδρεα]
1441 1252 1653 1318 δένδρων
1678 1257 1919 1307 DobraeuS.

910 1408 1383 1449 ΦΙΛΟΚΤΗΤΗΣ

453 1496 618 1541 Fabula
652 1509 811 1541 scenae
849 1497 1085 1540 commissa
1129 1501 1197 1539 est
1232 1495 1398 1554 olymp.
1436 1495 1528 1552 87,
1572 1496 1624 1541 1:
1662 1497 1717 1542 cf.
1754 1499 1940 1556 Argum.

347 1567 450 1612 Eur.
497 1566 606 1611 Med.
651 1565 908 1624 Euripidem
945 1572 1126 1610 secutus
1164 1565 1421 1624 tragoediae
1463 1566 1662 1625 mythum
1710 1566 1941 1613 adumbrat

349 1638 551 1697 Hyginus
589 1635 675 1683 sab.
718 1635 829 1682 102.
897 1634 1102 1694 Aeschyli
1138 1633 1361 1693 Euripidis
1407 1634 1643 1695 Sophoclis
1690 1637 1941 1696 tragoedias

351 1707 640 1765 cognomines
666 1706 784 1750 inter
810 1719 858 1750 se
885 1711 1116 1765 comparat
1142 1703 1220 1748 Dio
1243 1705 1399 1764 Chrys.
1430 1712 1543 1749 orat.
1573 1705 1654 1757 52,
1684 1706 1800 1751 unde
1828 1721 1941 1767 quae

349 1777 403 1821 ad
408 1743 709 1835 CEuripideam
734 1774 927 1820 fabulam
953 1774 1311 1834 cognoscendam
1337 1774 1506 1819 faciunt
1532 1778 1819 1852 apponimus‘
1863 1776 1939 1835 §6

349 1854 394 1914 et
423 1847 476 1891 7:
512 1837 536 1890 ὃ
565 1836 705 1919 χρρὸς
739 1836 873 1908 αὐτῳ
911 1844 1195 1904 (Aeschylum
1221 1843 1344 1902 dicit)
1381 1840 1744 1904 παραιτήσεως,
1783 1837 1940 1903 ὥσπερ

350 1907 375 1960 ὁ
411 1913 498 1960 τοῦ
527 1903 829 1971 Ευριπίδου,
839 1893 1009 1959 οὐδὲν
1045 1905 1250 1972 ἐδεήθη·
1296 1905 1446 1973 ἄμφω
1481 1906 1573 1975 γὰρ
1611 1910 1662 1959 ἐκ
1697 1913 1795 1960 τῶν
1829 1917 1939 1972 Λη-

348 1982 504 2044 μνίων
541 1979 774 2044 ἐποίησαν
809 1976 893 2029 τὸν
928 1999 1087 2046 χορον.
1147 1974 1252 2027 αλλ’
1294 1974 1318 2028 ὁ
1354 1979 1444 2043 μὲν
1475 1976 1751 2064 Εὐριπιδης
1786 1976 1941 2041 ευθίς

347 2048 772 2115 ἀπολογουμένους
807 2053 1043 2114 πεποίηκε
1068 2049 1178 2111 περὶ
1215 2052 1302 2112 τῆς
1327 2045 1561 2114 πρότερον
1586 2046 1831 2115 ἆμελείας,
1865 2048 1940 2101 ὅτι

350 2117 410 2182 δη
436 2117 682 2170 τοσούτων
722 2119 842 2168 ε’τῶν
869 2115 980 2170 οὔτε
1014 2120 1334 2204 προσέλθοιεν
1359 2115 1487 2203 πρὸς
1513 2120 1598 2171 τὸν
1627 2117 1940 2201 Φιλοκτήτην

350 2189 460 2241 οὔτε
496 2190 803 2256 βοηθήσειαν
838 2188 984 2240 οὐδὲν
1017 2188 1167 2258 αὐτῷ.
1217 2196 1246 2253 S
1274 2195 1330 2241 8.
1366 2182 1390 2238 ὃ
1417 2185 1689 2255 Εὐριπίδης
1715 2185 1798 2240 τὸν
1822 2189 1938 2241 ’Ἀκ-

352 2279 472 2327 τορα
515 2260 696 2327 εἰσάγει
740 2259 825 2310 ε’να
862 2262 1105 2325 Λημνίων
1151 2280 1214 2318 ως
1256 2256 1504 2325 γνώριμον
1548 2267 1616 2329 τῷ
1657 2258 1940 2328 Φιλοκτήτῃ

348 2349 618 2392 προσιοντα
652 2329 736 2379 καὶ
778 2328 1011 2390 πολλακις
1051 2331 1439 2395 συμβεβληκότα.
1500 2337 1528 2395 S
1570 2338 1655 2382 11:
1699 2330 1736 2394 ἥ
1769 2350 1818 2381 τε
1851 2334 1939 2381 τοῦ

336 2396 617 2462 Ευριπίδου
654 2398 847 2459 σύνεσις
890 2401 974 2450 καὶ
1010 2401 1120 2462 περὶ
1157 2397 1316 2449 πάντα
1351 2400 1621 2466 ἐπιμέλεια,
1662 2400 1782 2452 ὥστε
1815 2398 1938 2464 μήτε

349 2463 601 2520 απίθανόν
637 2491 681 2519 τι
724 2470 808 2519 καὶ
853 2470 1257 2551 παρημελημένον
1300 2469 1438 2521 ε’ἇσαι
1480 2470 1599 2535 μήτε
1633 2466 1797 2529 απλῶς
1839 2477 1938 2530 τοῖς

348 2537 598 2619 πράγμασι
633 2542 872 2621 χρησθαι,
907 2535 1028 2589 αλλα
1062 2560 1180 2605 μετα
1213 2538 1371 2604 πάσης
1407 2541 1459 2590 ἐν
1495 2543 1563 2610 τῷ
1602 2542 1755 2590 εἰπεῖν
1792 2537 1935 2589 δυνά-

348 2630 500 2674 μεως,
538 2626 697 2671 ωσπερ
734 2605 1053 2673 ἀντίστροφός
1086 2610 1183 2660 ε’στι
1208 2631 1268 2679 τῃ
1295 2615 1378 2659 τοῦ
1403 2594 1653 2675 Αἰσχύλου
1685 2606 1938 2674 (ἁπλότητι

347 2686 470 2730 addit
503 2682 749 2744 Reiskius)‚
786 2679 1138 2743 πολιτικωτατη
1174 2682 1256 2730 καὶ
1296 2679 1658 2745 ρητορικωτᾰτη
1689 2676 1811 2729 οὐσα
1853 2681 1936 2730 καὶ

348 2755 447 2809 τοῖς
461 2745 817 2830 ε’ντυγχανουσι
853 2755 1085 2813 πλείστην
1114 2747 1351 2813 ὠφέλειαν
1375 2755 1643 2812 παρασχεῖν
1677 2750 1936 2814 δυναμένη.

347 2814 503 2880 ευθυς
537 2821 660 2885 γοῦν
695 2822 952 2883 πεποίηται
985 2823 1283 2884 προλογίζων
1318 2814 1455 2888 αυτῷ
1491 2816 1516 2869 ὁ
1556 2815 1809 2880 Οδυσσευς
1851 2820 1933 2869 καὶ

345 2885 468 2938 α’λλα
495 2909 543 2939 τε
583 2888 904 2954 ε’νθυῑιηματα
937 2887 1163 2940 πολιτικα
1189 2891 1408 2958 στρέφων
1434 2889 1485 2939 ἐν
1519 2888 1673 2959 ἑαυτῷ
1699 2890 1782 2940 καὶ
1808 2892 1935 2956 πρῶ-
