<?xml version="1.0" encoding="UTF-8"?>
<!DOCTYPE html PUBLIC "-//W3C//DTD XHTML 1.0 Transitional//EN"
    "http://www.w3.org/TR/xhtml1/DTD/xhtml1-transitional.dtd">
<html xmlns="http://www.w3.org/1999/xhtml" xml:lang="en" lang="en">
 <head>
  <title>
</title>
<meta http-equiv="Content-Type" content="text/html;charset=utf-8" />
  <meta name='ocr-system' content='tesseract 3.04.00' />
  <meta name='ocr-capabilities' content='ocr_page ocr_carea ocr_par ocr_line ocrx_word'/>
</head>
<body>
  <div class='ocr_page' id='page_1' title='image "./euripidistragoe03euriuoft_0312.png"; bbox 0 0 2077 3139; ppageno 0'>
   <div class='ocr_carea' id='block_1_1' title="bbox 299 183 1289 235">
    <p class='ocr_par' dir='ltr' id='par_1_1' title="bbox 299 183 1289 235">
     <span class='ocr_line' id='line_1_1' title="bbox 299 183 1289 235; baseline -0.013 1"><span class='ocrx_word' id='word_1_1' title='bbox 299 183 406 235; x_wconf 80' lang='grc'>280</span> <span class='ocrx_word' id='word_1_2' title='bbox 896 183 1289 225; x_wconf 73' lang='lat' dir='ltr'><strong>INCERTARVM</strong></span> 
     </span>
    </p>
   </div>
   <div class='ocr_carea' id='block_1_2' title="bbox 467 320 1696 568">
    <p class='ocr_par' dir='ltr' id='par_1_2' title="bbox 467 320 1696 568">
     <span class='ocr_line' id='line_1_2' title="bbox 1020 320 1155 372; baseline -0.007 0"><span class='ocrx_word' id='word_1_3' title='bbox 1020 320 1155 372; x_wconf 85' lang='grc'>1004</span> 
     </span>
     <span class='ocr_line' id='line_1_3' title="bbox 469 408 1696 484; baseline 0 -17"><span class='ocrx_word' id='word_1_4' title='bbox 469 410 554 468; x_wconf 80' lang='grc' dir='ltr'>ἀεὶ</span> <span class='ocrx_word' id='word_1_5' title='bbox 588 412 646 467; x_wconf 74' lang='grc' dir='ltr'>δὲ</span> <span class='ocrx_word' id='word_1_6' title='bbox 676 409 851 484; x_wconf 76' lang='grc' dir='ltr'><em>μήτηρ</em></span> <span class='ocrx_word' id='word_1_7' title='bbox 882 408 1200 483; x_wconf 77' lang='grc' dir='ltr'><strong><em>φιλότεκνος</em></strong></span> <span class='ocrx_word' id='word_1_8' title='bbox 1229 412 1438 481; x_wconf 71' lang='grc' dir='ltr'><strong><em>μᾶλλον</em></strong></span> <span class='ocrx_word' id='word_1_9' title='bbox 1469 409 1696 482; x_wconf 76' lang='grc' dir='ltr'><strong><em>πατρός·</em></strong></span> 
     </span>
     <span class='ocr_line' id='line_1_4' title="bbox 467 491 1694 568; baseline -0.001 -16"><span class='ocrx_word' id='word_1_10' title='bbox 467 493 502 566; x_wconf 78' lang='grc' dir='ltr'><em>ἢ</em></span> <span class='ocrx_word' id='word_1_11' title='bbox 530 497 631 568; x_wconf 76' lang='grc' dir='ltr'>μὲν</span> <span class='ocrx_word' id='word_1_12' title='bbox 660 494 766 567; x_wconf 75' lang='grc' dir='ltr'>γὰρ</span> <span class='ocrx_word' id='word_1_13' title='bbox 798 495 967 566; x_wconf 77' lang='grc' dir='ltr'><em>αὐτῆς</em></span> <span class='ocrx_word' id='word_1_14' title='bbox 998 494 1151 550; x_wconf 81' lang='grc' dir='ltr'><strong><em>οἶδεν</em></strong></span> <span class='ocrx_word' id='word_1_15' title='bbox 1180 491 1325 566; x_wconf 79' lang='grc' dir='ltr'>ὄνθ’,</span> <span class='ocrx_word' id='word_1_16' title='bbox 1355 491 1386 550; x_wconf 76' lang='grc' dir='ltr'>ὃ</span> <span class='ocrx_word' id='word_1_17' title='bbox 1420 494 1470 550; x_wconf 80' lang='grc' dir='ltr'>δ’</span> <span class='ocrx_word' id='word_1_18' title='bbox 1507 504 1694 552; x_wconf 82' lang='grc' dir='ltr'>οἰεται.</span> 
     </span>
    </p>
   </div>
   <div class='ocr_carea' id='block_1_3' title="bbox 299 585 1894 1580">
    <p class='ocr_par' dir='ltr' id='par_1_3' title="bbox 299 585 1894 1066">
     <span class='ocr_line' id='line_1_5' title="bbox 406 585 1891 667; baseline -0.001 -28"><span class='ocrx_word' id='word_1_19' title='bbox 406 590 742 651; x_wconf 75' lang='lat' dir='ltr'><strong>Sch01.0d.6‚</strong></span> <span class='ocrx_word' id='word_1_20' title='bbox 779 593 904 640; x_wconf 87' lang='lat'>387:</span> <span class='ocrx_word' id='word_1_21' title='bbox 941 608 1000 637; x_wconf 83' lang='grc' dir='ltr'>τα</span> <span class='ocrx_word' id='word_1_22' title='bbox 1035 585 1124 650; x_wconf 81' lang='grc' dir='ltr'>μὲν</span> <span class='ocrx_word' id='word_1_23' title='bbox 1159 586 1271 650; x_wconf 83' lang='grc' dir='ltr'><strong><em>περὶ</em></strong></span> <span class='ocrx_word' id='word_1_24' title='bbox 1297 588 1397 636; x_wconf 76' lang='grc' dir='ltr'>τῶν</span> <span class='ocrx_word' id='word_1_25' title='bbox 1432 587 1654 667; x_wconf 80' lang='grc' dir='ltr'><em>μητέρων</em></span> <span class='ocrx_word' id='word_1_26' title='bbox 1680 587 1734 637; x_wconf 80' lang='grc' dir='ltr'>ἐκ</span> <span class='ocrx_word' id='word_1_27' title='bbox 1760 588 1891 653; x_wconf 68' lang='grc' dir='ltr'><em>γενέ-</em></span> 
     </span>
     <span class='ocr_line' id='line_1_6' title="bbox 301 652 1892 740; baseline -0.001 -31"><span class='ocrx_word' id='word_1_28' title='bbox 301 677 417 719; x_wconf 82' lang='grc' dir='ltr'><em>σεως</em></span> <span class='ocrx_word' id='word_1_29' title='bbox 443 654 590 708; x_wconf 69' lang='lat' dir='ltr'><em>[nava</em></span> <span class='ocrx_word' id='word_1_30' title='bbox 615 659 766 722; x_wconf 82' lang='grc' dir='ltr'><em>φησὶν</em></span> <span class='ocrx_word' id='word_1_31' title='bbox 791 655 1016 740; x_wconf 80' lang='grc' dir='ltr'><strong><em>Όμηρος</em></strong></span> <span class='ocrx_word' id='word_1_32' title='bbox 1036 657 1161 721; x_wconf 76' lang='grc' dir='ltr'><em>ἔχειν</em></span> <span class='ocrx_word' id='word_1_33' title='bbox 1187 655 1439 721; x_wconf 83' lang='grc' dir='ltr'>τεκμήρια,</span> <span class='ocrx_word' id='word_1_34' title='bbox 1467 652 1520 706; x_wconf 84' lang='grc' dir='ltr'>τὸ</span> <span class='ocrx_word' id='word_1_35' title='bbox 1548 657 1598 707; x_wconf 75' lang='grc' dir='ltr'>δὲ</span> <span class='ocrx_word' id='word_1_36' title='bbox 1624 660 1722 707; x_wconf 80' lang='grc' dir='ltr'>τῶν</span> <span class='ocrx_word' id='word_1_37' title='bbox 1748 658 1892 708; x_wconf 84' lang='grc' dir='ltr'><strong><em>πατέ-</em></strong></span> 
     </span>
     <span class='ocr_line' id='line_1_7' title="bbox 302 723 1894 793; baseline -0.001 -14"><span class='ocrx_word' id='word_1_38' title='bbox 302 749 400 792; x_wconf 86' lang='grc' dir='ltr'>οων</span> <span class='ocrx_word' id='word_1_39' title='bbox 433 725 709 793; x_wconf 78' lang='grc' dir='ltr'><strong><em>ἆδιόριστον</em></strong></span> <span class='ocrx_word' id='word_1_40' title='bbox 746 725 870 778; x_wconf 79' lang='grc' dir='ltr'><em>εἶναι</em></span> <span class='ocrx_word' id='word_1_41' title='bbox 893 759 964 765; x_wconf 87' lang='grc'>-</span> <span class='ocrx_word' id='word_1_42' title='bbox 988 723 1113 778; x_wconf 75' lang='grc' dir='ltr'><strong><em>ὅθεν</em></strong></span> <span class='ocrx_word' id='word_1_43' title='bbox 1146 733 1231 776; x_wconf 76' lang='grc' dir='ltr'>καὶ</span> <span class='ocrx_word' id='word_1_44' title='bbox 1267 723 1592 791; x_wconf 56' lang='grc' dir='ltr'><strong><em>Εὐριπίδης(</em></strong></span> <span class='ocrx_word' id='word_1_45' title='bbox 1604 728 1698 776; x_wconf 84' lang='grc' dir='ltr'><em>αἰεὶ</em></span> <span class='ocrx_word' id='word_1_46' title='bbox 1740 728 1791 778; x_wconf 81' lang='grc' dir='ltr'>δὲ</span> <span class='ocrx_word' id='word_1_47' title='bbox 1823 758 1894 766; x_wconf 93' lang='lat'>-—-</span> 
     </span>
     <span class='ocr_line' id='line_1_8' title="bbox 299 801 1890 863; baseline 0 -15"><span class='ocrx_word' id='word_1_48' title='bbox 299 801 486 849; x_wconf 82' lang='grc' dir='ltr'><strong><em>οἴέται</em></strong></span> <span class='ocrx_word' id='word_1_49' title='bbox 569 805 750 850; x_wconf 86' lang='lat' dir='ltr'><strong>eosdem</strong></span> <span class='ocrx_word' id='word_1_50' title='bbox 786 818 940 849; x_wconf 84' lang='lat' dir='ltr'><strong>versus</strong></span> <span class='ocrx_word' id='word_1_51' title='bbox 977 803 1192 863; x_wconf 83' lang='lat' dir='ltr'>praebent</span> <span class='ocrx_word' id='word_1_52' title='bbox 1232 801 1378 848; x_wconf 85' lang='lat' dir='ltr'><strong>Schol.</strong></span> <span class='ocrx_word' id='word_1_53' title='bbox 1415 802 1491 847; x_wconf 92' lang='lat' dir='ltr'><strong>Od.</strong></span> <span class='ocrx_word' id='word_1_54' title='bbox 1529 817 1588 861; x_wconf 85' lang='grc' dir='ltr'>α,</span> <span class='ocrx_word' id='word_1_55' title='bbox 1624 802 1722 850; x_wconf 85' lang='grc'>215</span> <span class='ocrx_word' id='word_1_56' title='bbox 1768 803 1890 848; x_wconf 84' lang='lat' dir='ltr'><strong>Eust.</strong></span> 
     </span>
     <span class='ocr_line' id='line_1_9' title="bbox 301 838 1892 935; baseline -0.001 -16"><span class='ocrx_word' id='word_1_57' title='bbox 301 875 376 920; x_wconf 81' lang='lat' dir='ltr'><strong>od.</strong></span> <span class='ocrx_word' id='word_1_58' title='bbox 403 890 445 935; x_wconf 88' lang='lat' dir='ltr'>p.</span> <span class='ocrx_word' id='word_1_59' title='bbox 479 838 628 933; x_wconf 89' lang='lat'>1412,</span> <span class='ocrx_word' id='word_1_60' title='bbox 659 874 722 919; x_wconf 90' lang='lat'>14</span> <span class='ocrx_word' id='word_1_61' title='bbox 760 873 908 919; x_wconf 84' lang='lat' dir='ltr'><strong>Schol.</strong></span> <span class='ocrx_word' id='word_1_62' title='bbox 939 874 1146 933; x_wconf 85' lang='lat' dir='ltr'><strong>Hermog.</strong></span> <span class='ocrx_word' id='word_1_63' title='bbox 1179 875 1226 917; x_wconf 90' lang='lat' dir='ltr'>in</span> <span class='ocrx_word' id='word_1_64' title='bbox 1253 873 1379 918; x_wconf 86' lang='lat' dir='ltr'><strong>Rhet.</strong></span> <span class='ocrx_word' id='word_1_65' title='bbox 1411 873 1481 917; x_wconf 85' lang='lat' dir='ltr'><strong>Gr.</strong></span> <span class='ocrx_word' id='word_1_66' title='bbox 1519 838 1604 918; x_wconf 86' lang='grc' dir='ltr'>νο1.</span> <span class='ocrx_word' id='word_1_67' title='bbox 1635 873 1662 918; x_wconf 91' lang='lat'>&#39;7</span> <span class='ocrx_word' id='word_1_68' title='bbox 1699 888 1743 933; x_wconf 92' lang='lat' dir='ltr'>p.</span> <span class='ocrx_word' id='word_1_69' title='bbox 1775 873 1892 931; x_wconf 84' lang='lat'>765,</span> 
     </span>
     <span class='ocr_line' id='line_1_10' title="bbox 301 942 1892 1005; baseline -0.002 -15"><span class='ocrx_word' id='word_1_70' title='bbox 301 945 385 1002; x_wconf 83' lang='lat'>24,</span> <span class='ocrx_word' id='word_1_71' title='bbox 422 946 614 1005; x_wconf 85' lang='lat' dir='ltr'>denique</span> <span class='ocrx_word' id='word_1_72' title='bbox 652 946 728 1004; x_wconf 92' lang='lat' dir='ltr'>qui</span> <span class='ocrx_word' id='word_1_73' title='bbox 765 943 1000 989; x_wconf 78' lang='lat' dir='ltr'>Menandro</span> <span class='ocrx_word' id='word_1_74' title='bbox 1035 958 1125 988; x_wconf 88' lang='lat' dir='ltr'>non</span> <span class='ocrx_word' id='word_1_75' title='bbox 1168 950 1289 988; x_wconf 79' lang='lat' dir='ltr'>recte</span> <span class='ocrx_word' id='word_1_76' title='bbox 1328 942 1486 987; x_wconf 80' lang='lat' dir='ltr'>tribuit</span> <span class='ocrx_word' id='word_1_77' title='bbox 1521 942 1740 988; x_wconf 81' lang='lat' dir='ltr'>Stobaeus</span> <span class='ocrx_word' id='word_1_78' title='bbox 1772 942 1892 988; x_wconf 81' lang='lat' dir='ltr'><strong>Flor.</strong></span> 
     </span>
     <span class='ocr_line' id='line_1_11' title="bbox 303 1016 457 1066; baseline 0 -6"><span class='ocrx_word' id='word_1_79' title='bbox 303 1016 382 1066; x_wconf 83' lang='grc'>76,</span> <span class='ocrx_word' id='word_1_80' title='bbox 413 1016 457 1060; x_wconf 92' lang='grc'>7.</span> 
     </span>
    </p>

    <p class='ocr_par' dir='ltr' id='par_1_4' title="bbox 1019 1076 1154 1130">
     <span class='ocr_line' id='line_1_12' title="bbox 1019 1076 1154 1130; baseline 0 -1"><span class='ocrx_word' id='word_1_81' title='bbox 1019 1076 1154 1130; x_wconf 91' lang='grc'>1005</span> 
     </span>
    </p>

    <p class='ocr_par' dir='ltr' id='par_1_5' title="bbox 299 1166 1893 1580">
     <span class='ocr_line' id='line_1_13' title="bbox 404 1166 1890 1242; baseline -0.002 -27"><span class='ocrx_word' id='word_1_82' title='bbox 404 1169 550 1215; x_wconf 84' lang='lat' dir='ltr'><strong>Schol.</strong></span> <span class='ocrx_word' id='word_1_83' title='bbox 586 1169 708 1213; x_wconf 83' lang='lat' dir='ltr'>Pind.</span> <span class='ocrx_word' id='word_1_84' title='bbox 738 1170 893 1213; x_wconf 78' lang='lat' dir='ltr'><strong>lsthm.</strong></span> <span class='ocrx_word' id='word_1_85' title='bbox 921 1168 980 1226; x_wconf 91' lang='lat'>4,</span> <span class='ocrx_word' id='word_1_86' title='bbox 1012 1167 1109 1214; x_wconf 80' lang='grc'>104</span> <span class='ocrx_word' id='word_1_87' title='bbox 1145 1168 1197 1211; x_wconf 85' lang='lat' dir='ltr'>de</span> <span class='ocrx_word' id='word_1_88' title='bbox 1225 1166 1429 1211; x_wconf 86' lang='lat' dir='ltr'>Herculis</span> <span class='ocrx_word' id='word_1_89' title='bbox 1464 1179 1515 1211; x_wconf 82' lang='lat' dir='ltr'>ex</span> <span class='ocrx_word' id='word_1_90' title='bbox 1551 1167 1727 1242; x_wconf 84' lang='lat' dir='ltr'>Megara</span> <span class='ocrx_word' id='word_1_91' title='bbox 1762 1166 1890 1212; x_wconf 83' lang='lat' dir='ltr'>filiis:</span> 
     </span>
     <span class='ocr_line' id='line_1_14' title="bbox 300 1226 1893 1300; baseline -0.003 -15.997"><span class='ocrx_word' id='word_1_92' title='bbox 300 1234 381 1284; x_wconf 82' lang='grc' dir='ltr'>καὶ</span> <span class='ocrx_word' id='word_1_93' title='bbox 414 1235 524 1300; x_wconf 78' lang='grc' dir='ltr'><strong><em>περὶ</em></strong></span> <span class='ocrx_word' id='word_1_94' title='bbox 559 1237 643 1283; x_wconf 85' lang='grc' dir='ltr'>τοῦ</span> <span class='ocrx_word' id='word_1_95' title='bbox 677 1231 896 1297; x_wconf 74' lang='grc' dir='ltr'><strong><em>ἀριθμοῦ</em></strong></span> <span class='ocrx_word' id='word_1_96' title='bbox 932 1233 983 1283; x_wconf 74' lang='grc' dir='ltr'>δὲ</span> <span class='ocrx_word' id='word_1_97' title='bbox 1021 1229 1378 1282; x_wconf 75' lang='grc' dir='ltr'><strong><em>διαλλάττουσι·</em></strong></span> <span class='ocrx_word' id='word_1_98' title='bbox 1421 1226 1683 1290; x_wconf 79' lang='grc' dir='ltr'><strong><em>Διονύσιος</em></strong></span> <span class='ocrx_word' id='word_1_99' title='bbox 1718 1232 1806 1296; x_wconf 86' lang='grc' dir='ltr'>μὲν</span> <span class='ocrx_word' id='word_1_100' title='bbox 1840 1231 1893 1281; x_wconf 84' lang='grc' dir='ltr'>ἐν</span> 
     </span>
     <span class='ocr_line' id='line_1_15' title="bbox 299 1295 1892 1387; baseline -0.002 -33"><span class='ocrx_word' id='word_1_101' title='bbox 299 1301 477 1373; x_wconf 78' lang='grc' dir='ltr'><strong><em>πρώτῳ</em></strong></span> <span class='ocrx_word' id='word_1_102' title='bbox 515 1302 723 1353; x_wconf 75' lang='grc' dir='ltr'><em>Κύκλων</em></span> <span class='ocrx_word' id='word_1_103' title='bbox 755 1306 1036 1387; x_wconf 78' lang='grc' dir='ltr'><strong><em>Θηριιιαχον</em></strong></span> <span class='ocrx_word' id='word_1_104' title='bbox 1073 1302 1155 1351; x_wconf 82' lang='grc' dir='ltr'>καὶ</span> <span class='ocrx_word' id='word_1_105' title='bbox 1184 1298 1502 1365; x_wconf 78' lang='grc' dir='ltr'>Δηικόωντα,</span> <span class='ocrx_word' id='word_1_106' title='bbox 1540 1295 1813 1368; x_wconf 72' lang='grc' dir='ltr'><strong><em>Εὐριπίδης</em></strong></span> <span class='ocrx_word' id='word_1_107' title='bbox 1842 1303 1892 1352; x_wconf 82' lang='grc' dir='ltr'>δὲ</span> 
     </span>
     <span class='ocr_line' id='line_1_16' title="bbox 299 1368 1891 1438; baseline -0.001 -14"><span class='ocrx_word' id='word_1_108' title='bbox 299 1378 623 1438; x_wconf 78' lang='grc' dir='ltr'><strong><em>προστίθησιν</em></strong></span> <span class='ocrx_word' id='word_1_109' title='bbox 659 1369 827 1433; x_wconf 80' lang='grc' dir='ltr'><strong><em>αὐτοῖς</em></strong></span> <span class='ocrx_word' id='word_1_110' title='bbox 860 1374 944 1422; x_wconf 80' lang='grc' dir='ltr'>καὶ</span> <span class='ocrx_word' id='word_1_111' title='bbox 982 1368 1345 1435; x_wconf 78' lang='grc' dir='ltr'>Ἀριστόδημον.</span> <span class='ocrx_word' id='word_1_112' title='bbox 1399 1375 1519 1421; x_wconf 75' lang='lat' dir='ltr'>‘tres</span> <span class='ocrx_word' id='word_1_113' title='bbox 1548 1377 1663 1422; x_wconf 76' lang='lat' dir='ltr'>tilios</span> <span class='ocrx_word' id='word_1_114' title='bbox 1689 1376 1891 1423; x_wconf 86' lang='lat' dir='ltr'>Herculis</span> 
     </span>
     <span class='ocr_line' id='line_1_17' title="bbox 301 1446 1891 1509; baseline -0.003 -13"><span class='ocrx_word' id='word_1_115' title='bbox 301 1466 351 1496; x_wconf 84' lang='lat' dir='ltr'>ex</span> <span class='ocrx_word' id='word_1_116' title='bbox 377 1451 553 1509; x_wconf 82' lang='lat' dir='ltr'>Megara</span> <span class='ocrx_word' id='word_1_117' title='bbox 589 1457 905 1494; x_wconf 75' lang='lat' dir='ltr'>commemoiat</span> <span class='ocrx_word' id='word_1_118' title='bbox 940 1449 1040 1493; x_wconf 85' lang='lat' dir='ltr'>Eur</span> <span class='ocrx_word' id='word_1_119' title='bbox 1073 1449 1195 1492; x_wconf 84' lang='lat' dir='ltr'><strong>Herc.</strong></span> <span class='ocrx_word' id='word_1_120' title='bbox 1224 1447 1271 1491; x_wconf 88' lang='lat' dir='ltr'>F.</span> <span class='ocrx_word' id='word_1_121' title='bbox 1304 1447 1401 1492; x_wconf 87' lang='lat'>774</span> <span class='ocrx_word' id='word_1_122' title='bbox 1432 1446 1560 1504; x_wconf 89' lang='lat'>994,</span> <span class='ocrx_word' id='word_1_123' title='bbox 1599 1448 1677 1491; x_wconf 83' lang='lat' dir='ltr'>sed</span> <span class='ocrx_word' id='word_1_124' title='bbox 1713 1449 1891 1492; x_wconf 82' lang='lat' dir='ltr'>nomina</span> 
     </span>
     <span class='ocr_line' id='line_1_18' title="bbox 300 1518 1889 1580; baseline -0.001 -16"><span class='ocrx_word' id='word_1_125' title='bbox 300 1535 388 1566; x_wconf 85' lang='lat' dir='ltr'>non</span> <span class='ocrx_word' id='word_1_126' title='bbox 425 1521 590 1580; x_wconf 82' lang='lat' dir='ltr'>prodit.</span> <span class='ocrx_word' id='word_1_127' title='bbox 641 1520 922 1579; x_wconf 83' lang='lat' dir='ltr'>deperditum</span> <span class='ocrx_word' id='word_1_128' title='bbox 959 1521 1096 1577; x_wconf 81' lang='lat' dir='ltr'>igitur</span> <span class='ocrx_word' id='word_1_129' title='bbox 1132 1518 1280 1562; x_wconf 82' lang='lat' dir='ltr'>drama</span> <span class='ocrx_word' id='word_1_130' title='bbox 1318 1519 1633 1574; x_wconf 76' lang='lat' dir='ltr'>grammaticus</span> <span class='ocrx_word' id='word_1_131' title='bbox 1671 1518 1889 1576; x_wconf 71' lang='lat' dir='ltr'><strong>spectat&#39;.</strong></span> 
     </span>
    </p>
   </div>
   <div class='ocr_carea' id='block_1_4' title="bbox 300 1599 1151 1732">
    <p class='ocr_par' dir='ltr' id='par_1_6' title="bbox 300 1599 1151 1732">
     <span class='ocr_line' id='line_1_19' title="bbox 300 1599 661 1641; baseline -0.006 0"><span class='ocrx_word' id='word_1_132' title='bbox 300 1599 661 1641; x_wconf 73' lang='lat' dir='ltr'><strong>BOECKHWS.</strong></span> 
     </span>
     <span class='ocr_line' id='line_1_20' title="bbox 1018 1681 1151 1732; baseline 0 -1"><span class='ocrx_word' id='word_1_133' title='bbox 1018 1681 1151 1732; x_wconf 84' lang='grc'>1006</span> 
     </span>
    </p>
   </div>
   <div class='ocr_carea' id='block_1_5' title="bbox 467 1768 1644 1844">
    <p class='ocr_par' dir='ltr' id='par_1_7' title="bbox 467 1768 1644 1844">
     <span class='ocr_line' id='line_1_21' title="bbox 467 1768 1644 1844; baseline -0.003 -15"><span class='ocrx_word' id='word_1_134' title='bbox 467 1771 562 1829; x_wconf 83' lang='grc' dir='ltr'>τὸν</span> <span class='ocrx_word' id='word_1_135' title='bbox 594 1768 930 1844; x_wconf 81' lang='grc' dir='ltr'><strong><em>ευτυχοῦντα</em></strong></span> <span class='ocrx_word' id='word_1_136' title='bbox 961 1772 1051 1826; x_wconf 81' lang='grc' dir='ltr'>καὶ</span> <span class='ocrx_word' id='word_1_137' title='bbox 1082 1784 1313 1842; x_wconf 77' lang='grc' dir='ltr'><em>φρονεῖν</em></span> <span class='ocrx_word' id='word_1_138' title='bbox 1343 1775 1644 1841; x_wconf 83' lang='grc' dir='ltr'><strong><em>νομίζομεν.</em></strong></span> 
     </span>
    </p>
   </div>
   <div class='ocr_carea' id='block_1_6' title="bbox 298 1856 1888 2126">
    <p class='ocr_par' dir='ltr' id='par_1_8' title="bbox 298 1856 1888 2126">
     <span class='ocr_line' id='line_1_22' title="bbox 405 1856 1888 1926; baseline -0.003 -11"><span class='ocrx_word' id='word_1_139' title='bbox 405 1870 549 1915; x_wconf 85' lang='lat' dir='ltr'><strong>Schol.</strong></span> <span class='ocrx_word' id='word_1_140' title='bbox 577 1870 851 1915; x_wconf 62' lang='lat' dir='ltr'><strong>Pin‹1.·.x·em.</strong></span> <span class='ocrx_word' id='word_1_141' title='bbox 885 1869 939 1926; x_wconf 82' lang='lat'>1,</span> <span class='ocrx_word' id='word_1_142' title='bbox 970 1868 1055 1914; x_wconf 87' lang='lat'>13:</span> <span class='ocrx_word' id='word_1_143' title='bbox 1081 1860 1242 1925; x_wconf 79' lang='grc' dir='ltr'><strong><em>ἄκρως</em></strong></span> <span class='ocrx_word' id='word_1_144' title='bbox 1270 1858 1511 1923; x_wconf 74' lang='grc' dir='ltr'><strong><em>ἔνδοξος-ο</em></strong></span> <span class='ocrx_word' id='word_1_145' title='bbox 1539 1856 1755 1925; x_wconf 82' lang='grc' dir='ltr'>ευτυχής.</span> <span class='ocrx_word' id='word_1_146' title='bbox 1804 1861 1888 1911; x_wconf 83' lang='grc' dir='ltr'>καὶ</span> 
     </span>
     <span class='ocr_line' id='line_1_23' title="bbox 299 1930 1887 1998; baseline -0.001 -14"><span class='ocrx_word' id='word_1_147' title='bbox 299 1931 630 1998; x_wconf 74' lang='grc' dir='ltr'><strong><em>Εὐριπίδης</em></strong></span> <span class='ocrx_word' id='word_1_148' title='bbox 648 1930 730 1983; x_wconf 84' lang='grc' dir='ltr'>τὸν</span> <span class='ocrx_word' id='word_1_149' title='bbox 767 1965 830 1971; x_wconf 92' lang='grc'><strong>-</strong></span> <span class='ocrx_word' id='word_1_150' title='bbox 868 1938 1167 1998; x_wconf 53' lang='grc' dir='ltr'><strong><em>νομίζομενῖ</em></strong></span> <span class='ocrx_word' id='word_1_151' title='bbox 1231 1952 1317 1983; x_wconf 90' lang='lat' dir='ltr'><strong>om.</strong></span> <span class='ocrx_word' id='word_1_152' title='bbox 1364 1944 1526 1997; x_wconf 74' lang='lat' dir='ltr'>poetae</span> <span class='ocrx_word' id='word_1_153' title='bbox 1566 1950 1727 1982; x_wconf 89' lang='lat' dir='ltr'><strong>nomen</strong></span> <span class='ocrx_word' id='word_1_154' title='bbox 1763 1936 1887 1982; x_wconf 81' lang='lat' dir='ltr'><strong>Stob.</strong></span> 
     </span>
     <span class='ocr_line' id='line_1_24' title="bbox 298 2007 1886 2069; baseline -0.002 -14"><span class='ocrx_word' id='word_1_155' title='bbox 298 2010 387 2055; x_wconf 79' lang='lat' dir='ltr'><strong>Ecl.</strong></span> <span class='ocrx_word' id='word_1_156' title='bbox 422 2012 476 2067; x_wconf 89' lang='lat'>1,</span> <span class='ocrx_word' id='word_1_157' title='bbox 517 2011 572 2068; x_wconf 93' lang='grc'>6,</span> <span class='ocrx_word' id='word_1_158' title='bbox 612 2009 673 2054; x_wconf 91' lang='grc'>12</span> <span class='ocrx_word' id='word_1_159' title='bbox 713 2025 755 2069; x_wconf 88' lang='lat' dir='ltr'>p.</span> <span class='ocrx_word' id='word_1_160' title='bbox 787 2009 884 2056; x_wconf 84' lang='lat'>198</span> <span class='ocrx_word' id='word_1_161' title='bbox 922 2016 966 2054; x_wconf 84' lang='lat' dir='ltr'>et</span> <span class='ocrx_word' id='word_1_162' title='bbox 1003 2008 1257 2068; x_wconf 87' lang='lat' dir='ltr'>Simplicius</span> <span class='ocrx_word' id='word_1_163' title='bbox 1293 2009 1336 2052; x_wconf 89' lang='lat' dir='ltr'>in</span> <span class='ocrx_word' id='word_1_164' title='bbox 1373 2009 1559 2052; x_wconf 79' lang='lat' dir='ltr'><strong>Aristot.</strong></span> <span class='ocrx_word' id='word_1_165' title='bbox 1597 2007 1726 2067; x_wconf 86' lang='lat' dir='ltr'><strong>Phys.</strong></span> <span class='ocrx_word' id='word_1_166' title='bbox 1765 2021 1886 2052; x_wconf 84' lang='lat' dir='ltr'><strong>ausc.</strong></span> 
     </span>
     <span class='ocr_line' id='line_1_25' title="bbox 298 2079 1065 2126; baseline -0.001 -1"><span class='ocrx_word' id='word_1_167' title='bbox 298 2081 373 2126; x_wconf 82' lang='lat' dir='ltr'><strong>fol.</strong></span> <span class='ocrx_word' id='word_1_168' title='bbox 406 2080 530 2126; x_wconf 75' lang='grc'>7311.</span> <span class='ocrx_word' id='word_1_169' title='bbox 582 2079 636 2124; x_wconf 83' lang='lat' dir='ltr'><strong>cf.</strong></span> <span class='ocrx_word' id='word_1_170' title='bbox 665 2080 775 2124; x_wconf 82' lang='lat' dir='ltr'><strong>Men.</strong></span> <span class='ocrx_word' id='word_1_171' title='bbox 802 2094 920 2125; x_wconf 87' lang='lat' dir='ltr'><strong>mon.</strong></span> <span class='ocrx_word' id='word_1_172' title='bbox 948 2079 1065 2124; x_wconf 89' lang='lat'>497.</span> 
     </span>
    </p>
   </div>
   <div class='ocr_carea' id='block_1_7' title="bbox 465 2199 1662 2364">
    <p class='ocr_par' dir='ltr' id='par_1_9' title="bbox 465 2199 1646 2361">
     <span class='ocr_line' id='line_1_26' title="bbox 1015 2199 1145 2251; baseline 0 -1"><span class='ocrx_word' id='word_1_173' title='bbox 1015 2199 1145 2251; x_wconf 88' lang='grc'>1007</span> 
     </span>
     <span class='ocr_line' id='line_1_27' title="bbox 465 2286 1662 2364; baseline -0.003 -18"><span class='ocrx_word' id='word_1_174' title='bbox 465 2289 493 2346; x_wconf 83' lang='grc' dir='ltr'>ὁ</span> <span class='ocrx_word' id='word_1_175' title='bbox 524 2296 655 2355; x_wconf 85' lang='grc' dir='ltr'><strong><em>νοῦς</em></strong></span> <span class='ocrx_word' id='word_1_176' title='bbox 685 2289 787 2361; x_wconf 78' lang='grc' dir='ltr'>γὰρ</span> <span class='ocrx_word' id='word_1_177' title='bbox 819 2287 976 2361; x_wconf 73' lang='grc' dir='ltr'>ἡμῶν</span> <span class='ocrx_word' id='word_1_178' title='bbox 1008 2292 1153 2344; x_wconf 84' lang='grc' dir='ltr'><em>ἐστιν</em></span> <span class='ocrx_word' id='word_1_179' title='bbox 1186 2292 1245 2344; x_wconf 83' lang='grc' dir='ltr'>ἐν</span> <span class='ocrx_word' id='word_1_180' title='bbox 1278 2286 1485 2364; x_wconf 78' lang='grc' dir='ltr'><em>ἑκαστῳ</em></span> <span class='ocrx_word' id='word_1_181' title='bbox 1516 2286 1662 2354; x_wconf 85' lang='grc' dir='ltr'>θεός.</span> 
     </span>
    </p>
   </div>
   <div class='ocr_carea' id='block_1_8' title="bbox 297 2372 1886 2517">
    <p class='ocr_par' dir='ltr' id='par_1_10' title="bbox 298 2372 1886 2517">
     <span class='ocr_line' id='line_1_28' title="bbox 403 2372 1886 2463; baseline -0.003 -30"><span class='ocrx_word' id='word_1_182' title='bbox 403 2381 1241 2463; x_wconf 70' lang='grc' dir='ltr'>861101.Ρ111(1.Νρι11.6,7εέμφερές</span> <span class='ocrx_word' id='word_1_183' title='bbox 1267 2402 1310 2430; x_wconf 87' lang='grc' dir='ltr'>τι</span> <span class='ocrx_word' id='word_1_184' title='bbox 1340 2382 1507 2461; x_wconf 75' lang='grc' dir='ltr'><strong><em>ἔχομεν</em></strong></span> <span class='ocrx_word' id='word_1_185' title='bbox 1532 2386 1632 2440; x_wconf 84' lang='grc' dir='ltr'><strong><em>τοῖς</em></strong></span> <span class='ocrx_word' id='word_1_186' title='bbox 1656 2384 1817 2439; x_wconf 81' lang='grc' dir='ltr'><em>θεοῖς·</em></span> <span class='ocrx_word' id='word_1_187' title='bbox 1854 2372 1886 2442; x_wconf 80' lang='grc' dir='ltr'><em>ἢ</em></span> 
     </span>
     <span class='ocr_line' id='line_1_29' title="bbox 297 2445 1882 2517; baseline -0.002 -14.998"><span class='ocrx_word' id='word_1_188' title='bbox 297 2473 420 2502; x_wconf 77' lang='grc' dir='ltr'>κατα</span> <span class='ocrx_word' id='word_1_189' title='bbox 446 2457 582 2502; x_wconf 79' lang='grc' dir='ltr'>νοῡι.</span> <span class='ocrx_word' id='word_1_190' title='bbox 634 2448 749 2512; x_wconf 84' lang='grc' dir='ltr'><em>θεὸς</em></span> <span class='ocrx_word' id='word_1_191' title='bbox 774 2473 866 2517; x_wconf 48' lang='grc' dir='ltr'>γαρ</span> <span class='ocrx_word' id='word_1_192' title='bbox 891 2474 962 2512; x_wconf 76' lang='grc' dir='ltr'>τις</span> <span class='ocrx_word' id='word_1_193' title='bbox 989 2452 1039 2500; x_wconf 84' lang='grc' dir='ltr'>ἐν</span> <span class='ocrx_word' id='word_1_194' title='bbox 1065 2445 1184 2515; x_wconf 82' lang='grc' dir='ltr'>ἡιιῐν</span> <span class='ocrx_word' id='word_1_195' title='bbox 1211 2472 1332 2500; x_wconf 79' lang='grc' dir='ltr'><strong>κατα</strong></span> <span class='ocrx_word' id='word_1_196' title='bbox 1357 2445 1442 2500; x_wconf 81' lang='grc' dir='ltr'>τὸν</span> <span class='ocrx_word' id='word_1_197' title='bbox 1467 2445 1760 2514; x_wconf 77' lang='grc' dir='ltr'>Εὐριπίδην.</span> <span class='ocrx_word' id='word_1_198' title='bbox 1797 2455 1882 2499; x_wconf 86' lang='lat' dir='ltr'>Cic.</span> 
     </span>
    </p>
   </div>
   <div class='ocr_carea' id='block_1_9' title="bbox 211 2525 1883 2588">
    <p class='ocr_par' dir='ltr' id='par_1_11' title="bbox 211 2525 1883 2588">
     <span class='ocr_line' id='line_1_30' title="bbox 211 2525 1883 2588; baseline -0.003 -15"><span class='ocrx_word' id='word_1_199' title='bbox 211 2537 214 2540; x_wconf 79' lang='grc'><strong>’</strong></span> <span class='ocrx_word' id='word_1_200' title='bbox 298 2529 426 2573; x_wconf 83' lang='lat' dir='ltr'><strong>Tusc.</strong></span> <span class='ocrx_word' id='word_1_201' title='bbox 459 2530 503 2579; x_wconf 92' lang='grc'>1,</span> <span class='ocrx_word' id='word_1_202' title='bbox 532 2528 613 2584; x_wconf 87' lang='grc'>26,</span> <span class='ocrx_word' id='word_1_203' title='bbox 644 2529 729 2574; x_wconf 86' lang='grc'>65;</span> <span class='ocrx_word' id='word_1_204' title='bbox 758 2541 870 2588; x_wconf 69' lang='lat' dir='ltr'><em>erqo</em></span> <span class='ocrx_word' id='word_1_205' title='bbox 898 2531 1104 2584; x_wconf 81' lang='lat' dir='ltr'>animus,</span> <span class='ocrx_word' id='word_1_206' title='bbox 1136 2534 1184 2572; x_wconf 80' lang='lat' dir='ltr'>ut</span> <span class='ocrx_word' id='word_1_207' title='bbox 1211 2541 1292 2586; x_wconf 70' lang='lat' dir='ltr'>eqo</span> <span class='ocrx_word' id='word_1_208' title='bbox 1318 2528 1446 2583; x_wconf 76' lang='lat' dir='ltr'>dzco,</span> <span class='ocrx_word' id='word_1_209' title='bbox 1476 2528 1681 2582; x_wconf 65' lang='lat' dir='ltr'>divinus,</span> <span class='ocrx_word' id='word_1_210' title='bbox 1710 2531 1760 2570; x_wconf 87' lang='lat' dir='ltr'>ut</span> <span class='ocrx_word' id='word_1_211' title='bbox 1786 2525 1883 2569; x_wconf 86' lang='lat' dir='ltr'>Eu</span> 
     </span>
    </p>
   </div>
   <div class='ocr_carea' id='block_1_10' title="bbox 295 2561 1884 3008">
    <p class='ocr_par' dir='ltr' id='par_1_12' title="bbox 295 2561 1884 2935">
     <span class='ocr_line' id='line_1_31' title="bbox 297 2561 1880 2675; baseline -0.004 -32"><span class='ocrx_word' id='word_1_212' title='bbox 297 2601 473 2655; x_wconf 78' lang='lat' dir='ltr'>ripzdes</span> <span class='ocrx_word' id='word_1_213' title='bbox 509 2600 650 2644; x_wconf 81' lang='lat' dir='ltr'><em>audet</em></span> <span class='ocrx_word' id='word_1_214' title='bbox 684 2601 864 2654; x_wconf 83' lang='lat' dir='ltr'>dicere,</span> <span class='ocrx_word' id='word_1_215' title='bbox 904 2600 1022 2643; x_wconf 77' lang='lat' dir='ltr'><em>deus</em></span> <span class='ocrx_word' id='word_1_216' title='bbox 1056 2604 1140 2644; x_wconf 83' lang='lat' dir='ltr'><strong>est.</strong></span> <span class='ocrx_word' id='word_1_217' title='bbox 1191 2598 1310 2642; x_wconf 86' lang='lat' dir='ltr'>Theo</span> <span class='ocrx_word' id='word_1_218' title='bbox 1338 2561 1466 2641; x_wconf 77' lang='grc' dir='ltr'>Β11ε1.</span> <span class='ocrx_word' id='word_1_219' title='bbox 1506 2596 1588 2640; x_wconf 84' lang='lat' dir='ltr'><strong>vol.</strong></span> <span class='ocrx_word' id='word_1_220' title='bbox 1622 2597 1646 2640; x_wconf 95' lang='lat'>1</span> <span class='ocrx_word' id='word_1_221' title='bbox 1684 2609 1726 2675; x_wconf 91' lang='lat' dir='ltr'>p.</span> <span class='ocrx_word' id='word_1_222' title='bbox 1756 2593 1880 2638; x_wconf 87' lang='lat'>212:</span> 
     </span>
     <span class='ocr_line' id='line_1_32' title="bbox 296 2657 1883 2726; baseline -0.003 -15"><span class='ocrx_word' id='word_1_223' title='bbox 296 2669 402 2712; x_wconf 85' lang='grc' dir='ltr'><strong><em>οἱον</em></strong></span> <span class='ocrx_word' id='word_1_224' title='bbox 428 2657 751 2726; x_wconf 82' lang='grc' dir='ltr'><strong><em>Ευριπίδης</em></strong></span> <span class='ocrx_word' id='word_1_225' title='bbox 731 2683 755 2711; x_wconf 87' lang='grc' dir='ltr'><strong><em>ο</em></strong></span> <span class='ocrx_word' id='word_1_226' title='bbox 782 2658 987 2725; x_wconf 66' lang='grc' dir='ltr'><strong><em>ποιητὴς</em></strong></span> <span class='ocrx_word' id='word_1_227' title='bbox 1021 2659 1106 2711; x_wconf 85' lang='grc' dir='ltr'>τὸν</span> <span class='ocrx_word' id='word_1_228' title='bbox 1131 2665 1254 2711; x_wconf 83' lang='grc' dir='ltr'>νοῦν</span> <span class='ocrx_word' id='word_1_229' title='bbox 1289 2657 1425 2725; x_wconf 82' lang='grc' dir='ltr'>ἡμῶν</span> <span class='ocrx_word' id='word_1_230' title='bbox 1460 2657 1666 2709; x_wconf 77' lang='grc' dir='ltr'><em>ἑκάστου</em></span> <span class='ocrx_word' id='word_1_231' title='bbox 1701 2659 1849 2721; x_wconf 79' lang='grc' dir='ltr'><em>ἕεφησ</em></span> <span class='ocrx_word' id='word_1_232' title='bbox 1830 2679 1883 2707; x_wconf 84' lang='grc' dir='ltr'>ν</span> 
     </span>
     <span class='ocr_line' id='line_1_33' title="bbox 297 2724 1884 2796; baseline -0.004 -14"><span class='ocrx_word' id='word_1_233' title='bbox 297 2730 425 2783; x_wconf 82' lang='grc' dir='ltr'><strong><em>εἶναι</em></strong></span> <span class='ocrx_word' id='word_1_234' title='bbox 451 2733 590 2783; x_wconf 80' lang='grc' dir='ltr'>θεόι.</span> <span class='ocrx_word' id='word_1_235' title='bbox 639 2738 812 2783; x_wconf 74' lang='lat' dir='ltr'>Nemes}</span> <span class='ocrx_word' id='word_1_236' title='bbox 820 2752 869 2781; x_wconf 89' lang='lat' dir='ltr'>us</span> <span class='ocrx_word' id='word_1_237' title='bbox 891 2736 1031 2782; x_wconf 79' lang='lat' dir='ltr'><strong>Emes.</strong></span> <span class='ocrx_word' id='word_1_238' title='bbox 1061 2738 1113 2782; x_wconf 87' lang='lat' dir='ltr'>de</span> <span class='ocrx_word' id='word_1_239' title='bbox 1143 2736 1190 2781; x_wconf 90' lang='lat' dir='ltr'>N.</span> <span class='ocrx_word' id='word_1_240' title='bbox 1219 2737 1268 2782; x_wconf 90' lang='lat' dir='ltr'><strong>H.</strong></span> <span class='ocrx_word' id='word_1_241' title='bbox 1298 2752 1338 2796; x_wconf 88' lang='lat' dir='ltr'>p.</span> <span class='ocrx_word' id='word_1_242' title='bbox 1363 2736 1461 2782; x_wconf 78' lang='lat'>348</span> <span class='ocrx_word' id='word_1_243' title='bbox 1489 2749 1581 2794; x_wconf 91' lang='lat' dir='ltr'><strong>sq.:</strong></span> <span class='ocrx_word' id='word_1_244' title='bbox 1608 2724 1884 2792; x_wconf 81' lang='grc' dir='ltr'><strong><em>Εὐριπίδης</em></strong></span> 
     </span>
     <span class='ocr_line' id='line_1_34' title="bbox 298 2798 1882 2866; baseline -0.003 -15"><span class='ocrx_word' id='word_1_245' title='bbox 298 2803 348 2853; x_wconf 75' lang='grc' dir='ltr'>δὲ</span> <span class='ocrx_word' id='word_1_246' title='bbox 374 2803 456 2852; x_wconf 83' lang='grc' dir='ltr'>καὶ</span> <span class='ocrx_word' id='word_1_247' title='bbox 488 2803 781 2866; x_wconf 74' lang='grc' dir='ltr'><strong><em>Μένανδρος</em></strong></span> <span class='ocrx_word' id='word_1_248' title='bbox 817 2802 869 2852; x_wconf 78' lang='grc' dir='ltr'>ἐν</span> <span class='ocrx_word' id='word_1_249' title='bbox 901 2801 1045 2862; x_wconf 79' lang='grc' dir='ltr'><em>ἐνίοις</em></span> <span class='ocrx_word' id='word_1_250' title='bbox 1080 2798 1162 2851; x_wconf 78' lang='grc' dir='ltr'>τὸν</span> <span class='ocrx_word' id='word_1_251' title='bbox 1191 2804 1309 2850; x_wconf 84' lang='grc' dir='ltr'>ιοῦν</span> <span class='ocrx_word' id='word_1_252' title='bbox 1344 2799 1427 2850; x_wconf 86' lang='grc' dir='ltr'>τὸν</span> <span class='ocrx_word' id='word_1_253' title='bbox 1464 2799 1515 2849; x_wconf 82' lang='grc' dir='ltr'>ἐν</span> <span class='ocrx_word' id='word_1_254' title='bbox 1550 2798 1734 2866; x_wconf 77' lang='grc' dir='ltr'><em>ἑκάστῳ</em></span> <span class='ocrx_word' id='word_1_255' title='bbox 1761 2798 1882 2860; x_wconf 65' lang='grc' dir='ltr'><em>φασι</em></span> 
     </span>
     <span class='ocr_line' id='line_1_35' title="bbox 295 2870 1783 2935; baseline -0.003 -13"><span class='ocrx_word' id='word_1_256' title='bbox 295 2878 523 2935; x_wconf 77' lang='grc' dir='ltr'><strong><em>προνοεῖν</em></strong></span> <span class='ocrx_word' id='word_1_257' title='bbox 559 2870 796 2933; x_wconf 72' lang='grc' dir='ltr'>ἑκάστου,</span> <span class='ocrx_word' id='word_1_258' title='bbox 841 2875 977 2922; x_wconf 80' lang='grc' dir='ltr'><em>θεῶν</em></span> <span class='ocrx_word' id='word_1_259' title='bbox 1014 2873 1064 2922; x_wconf 79' lang='grc' dir='ltr'>δὲ</span> <span class='ocrx_word' id='word_1_260' title='bbox 1098 2871 1296 2935; x_wconf 78' lang='grc' dir='ltr'>μηδένα.</span> <span class='ocrx_word' id='word_1_261' title='bbox 1358 2876 1468 2922; x_wconf 88' lang='lat' dir='ltr'><strong>Men.</strong></span> <span class='ocrx_word' id='word_1_262' title='bbox 1506 2888 1622 2919; x_wconf 91' lang='lat' dir='ltr'><strong>mon.</strong></span> <span class='ocrx_word' id='word_1_263' title='bbox 1659 2873 1783 2920; x_wconf 88' lang='grc'>434.</span> 
     </span>
    </p>

    <p class='ocr_par' dir='ltr' id='par_1_13' title="bbox 296 2935 1880 3008">
     <span class='ocr_line' id='line_1_36' title="bbox 296 2935 1880 3008; baseline -0.002 -16"><span class='ocrx_word' id='word_1_264' title='bbox 296 2945 413 3003; x_wconf 77' lang='grc' dir='ltr'><strong><em>νοῦς</em></strong></span> <span class='ocrx_word' id='word_1_265' title='bbox 436 2962 621 3008; x_wconf 78' lang='grc' dir='ltr'><em>γαρ-</em></span> <span class='ocrx_word' id='word_1_266' title='bbox 647 2939 806 3002; x_wconf 81' lang='grc' dir='ltr'>θεός’.</span> <span class='ocrx_word' id='word_1_267' title='bbox 861 2948 1009 2992; x_wconf 84' lang='lat' dir='ltr'><strong>T.zetz</strong></span> <span class='ocrx_word' id='word_1_268' title='bbox 1039 2947 1168 3007; x_wconf 82' lang='lat' dir='ltr'><strong>Exeg.</strong></span> <span class='ocrx_word' id='word_1_269' title='bbox 1199 2947 1244 2991; x_wconf 92' lang='grc'>11.</span> <span class='ocrx_word' id='word_1_270' title='bbox 1271 2961 1315 3005; x_wconf 89' lang='lat' dir='ltr'>p.</span> <span class='ocrx_word' id='word_1_271' title='bbox 1341 2945 1424 3004; x_wconf 81' lang='lat'>53,</span> <span class='ocrx_word' id='word_1_272' title='bbox 1454 2946 1505 2991; x_wconf 94' lang='grc'>6.</span> <span class='ocrx_word' id='word_1_273' title='bbox 1533 2935 1558 2989; x_wconf 84' lang='grc' dir='ltr'>ὁ</span> <span class='ocrx_word' id='word_1_274' title='bbox 1587 2938 1880 3003; x_wconf 70' lang='grc' dir='ltr'>Μένανδρος·</span> 
     </span>
    </p>
   </div>
   <div class='ocr_carea' id='block_1_11' title="bbox 1996 0 2077 3139">
    <p class='ocr_par' dir='ltr' id='par_1_14' title="bbox 1996 0 2077 3139">
     <span class='ocr_line' id='line_1_37' title="bbox 1996 0 2077 3139; baseline 0 0"><span class='ocrx_word' id='word_1_275' title='bbox 1996 0 2077 3139; x_wconf 95' lang='lat' dir='ltr'> </span> 
     </span>
    </p>
   </div>
  </div>
 </body>
</html>
