2077 3139
255 145 286 195 6
931 147 1162 189 ΑΙΟΛΟΣ

242 313 373 343 versu
407 297 508 344 Lais
543 312 622 342 usa
660 297 824 343 dicitur
862 298 911 343 ad
951 298 1225 343 irridendum
1260 297 1529 358 Euripidem,
1572 297 1625 343 cs.
1651 297 1836 345 Machon

242 369 344 413 Ath.
383 369 470 412 Xlll
507 382 547 426 p.
578 367 676 413 582
706 369 749 411 D.
802 369 932 412 eliam
970 381 1146 412 versum
1184 382 1324 427 quem-
1352 369 1676 427 Aristophanes
1712 383 1837 427 prae-

241 440 404 494 mittit,
441 433 690 495 αἴσχιστον
729 432 870 496 ἔργον
905 431 1222 496 προσβλέπεις
1254 453 1287 496 μ
1325 433 1632 497 εἰργασμένος
1663 439 1836 498 Euripi-

241 508 371 552 deum
399 520 497 551 esse
524 508 716 552 coniecit
741 506 1032 551 Fritzschius.

1004 611 1073 663 20

407 701 479 774 μὴ
512 707 750 758 πλοῦτον
785 709 964 773 εἰπῃς“
999 700 1120 773 οὐχὶ
1152 700 1415 771 θαυμάζω
1447 701 1601 773 θεόν,

411 783 476 840 ὃν
507 784 581 856 χώ
616 784 866 849 κάκιστος
900 789 1105 858 ῥᾳδίως
1139 784 1412 856 ἐκτήσατο.

345 883 468 928 Stob.
498 883 615 927 Flor.
646 882 728 940 93,
757 882 802 928 9.
841 882 1021 927 eosdem
1050 897 1203 927 versus
1231 883 1394 927 hahent
1422 884 1522 927 Alh.
1551 882 1603 926 IV
1630 897 1671 941 p.
1698 882 1835 927 1590

238 951 354 997 mut.
395 953 502 997 Mor.
543 968 585 1011 p.
624 951 689 998 34
717 953 745 996 D
791 951 952 996 Sextus
988 953 1155 1011 Empir.
1195 968 1235 1012 p.
1277 952 1402 1009 660,
1441 951 1503 998 27
1542 967 1586 1012 p.
1618 951 1741 1002 663,
1770 951 1837 998 20

239 1021 362 1067 διυΙ).
391 1022 509 1067 Flor.
537 1022 585 1079 5,
613 1021 645 1065 4
674 1021 862 1080 Gregor.
890 1021 991 1066 ΜΖ.
1019 1022 1104 1067 vol.
1134 1022 1162 1066 2
1190 1037 1232 1081 p.
1262 1021 1361 1068 210
1388 1022 1433 1066 C.

410 1214 608 1273 δοκεῖτ’
646 1213 714 1272 ἂν
745 1222 918 1273 οἰκεῖν
949 1229 1133 1287 γαῖαν,
1168 1222 1219 1273 εἰ
1246 1219 1412 1287 πένης
1443 1214 1584 1283 ἅπας

406 1300 533 1364 λαός
567 1299 905 1356 πολιτεύοιτο
938 1306 1219 1356 πλουσίων
1251 1298 1405 1369 ἅτερ;

404 1380 506 1438 οὐκ
538 1379 609 1440 ἂν
638 1386 849 1455 γένοιτο
883 1386 1046 1455 χωρὶς
1080 1383 1250 1439 ἐσθλὰ
1283 1386 1372 1439 καὶ
1405 1384 1561 1453 κακά,

404 1464 525 1522 ἀλλ’
562 1474 673 1523 ἔστι
704 1492 782 1532 τις
816 1467 1131 1538 σύγκρασις,
1175 1464 1303 1522 ὥστ’
1339 1474 1483 1538 ἔχειν
1514 1471 1705 1530 καλῶς.

403 1545 441 1604 ὁί
469 1549 541 1620 μὴ
573 1550 676 1621 γὰρ
710 1557 820 1606 ἔστι
852 1557 924 1625 τῷ
958 1553 1147 1621 πένητι
1181 1548 1441 1616 πλούσιος
1806 1566 1831 1606 5

405 1630 629 1689 &ede-0&-
663 1629 698 1688 ὁὶ
732 1631 784 1688 δ’
819 1639 874 1689 οἱ
901 1639 1265 1698 πλουτοῦντες
1297 1631 1363 1689 οὐ
1395 1631 1725 1704 κεκτήμεθα,

401 1731 577 1773 τοῖσιν
607 1719 802 1789 πένησι
834 1717 1104 1789 χρώμενοι
1135 1716 1481 1788 πειθώμεθα.

339 1813 462 1858 ΞῑοΙ).
488 1813 607 1859 Flor.
638 1813 723 1871 43,
752 1814 831 1861 20.
867 1830 930 1858 vs.
959 1815 987 1860 3
1016 1814 1111 1859 et4
1140 1814 1270 1874 ass'eqt
1294 1815 1409 1859 plut
1427 1815 1534 1858 Mor.
1555 1828 1599 1873 p.
1618 1813 1760 1859 369ss
1787 1819 1831 1857 et

233 1898 279 1944 p.
307 1882 409 1928 474
434 1887 497 1941 A,
534 1886 639 1928 item
669 1885 851 1928 tertium
879 1892 923 1928 et
959 1886 1106 1943 quarti
1142 1884 1369 1929 dimidium
1397 1871 1505 1941 (οὐκ
1530 1908 1597 1915 -
1622 1874 1830 1942 σύγκρα-

234 1952 326 2010 σις)
353 1967 395 2011 p.
425 1951 489 1997 25
523 1953 577 2010 C,
606 1953 732 1997 xerba
762 1941 852 1996 οὐκ
879 1940 939 1996 ἂν
965 1949 1153 2012 γένοιτο
1180 1948 1326 2011 χωρὶς
1354 1945 1505 1997 ε’σθλα
1533 1952 1828 2011 Theophrast.

234 2022 478 2081 Metaphys.
519 2023 581 2068 18
619 2038 661 2081 p.
692 2023 806 2069 316.
859 2038 921 2067 v.s
951 2023 978 2067 7
1020 2015 1278 2081 τιμώιιεθα
1313 2024 1412 2082 ed.,
1448 2013 1744 2079 πειθωμεθα
1778 2025 1830 2078 Α,

233 2082 515 2150 πειθόμεθα
543 2092 589 2149 Β,
616 2083 889 2151 θηρώμεθα
916 2093 1114 2151 Berg1er,
1141 2093 1334 2137 sortasse
1361 2083 1632 2150 πεπώμεθα
1658 2091 1745 2150 leg.

996 2198 1064 2249 22

400 2285 502 2356 τὴν
537 2284 587 2342 δ’
626 2283 910 2357 εὐγένειαν
940 2285 1073 2358 πρὸς
1106 2290 1259 2344 θεῶν
1289 2285 1363 2359 μή
1393 2310 1482 2358 μοι
1515 2288 1660 2356 λέγε·

403 2373 461 2425 ἐν
491 2368 762 2441 χρήμασιν
792 2369 908 2426 τόδ’
948 2374 1078 2441 ἐστί,
1110 2370 1182 2442 μὴ
1222 2376 1452 2441 γαυροῦ,
1486 2368 1670 2439 πάτερ.

405 2450 588 2527 κύκλῳ
620 2453 725 2524 γὰρ
760 2457 938 2521 ἕρπει’
984 2457 1060 2529 τῷ
1089 2455 1191 2525 μὲν
1223 2453 1378 2522 ἔσθ’,
1410 2450 1438 2509 ὃ
1471 2449 1523 2508 δ’
1558 2451 1661 2508 οὐκ
1692 2457 1826 2522 ἔχει·

402 2549 633 2592 κοινοῐσι
666 2534 717 2592 δ’
752 2536 938 2602 αὐτοῖς
970 2535 1246 2608 χρώμεθ’·
1290 2529 1332 2611 ᾧ
1364 2535 1417 2592 δ’
1451 2531 1520 2591 ἆν
1553 2538 1611 2590 ἐν
1644 2533 1828 2607 δόμοις

399 2618 602 2689 χρόνον
633 2625 862 2693 συνοικῇ
895 2628 1174 2691 πλεῖστον,
1213 2611 1369 2684 οὗτος
1402 2616 1642 2690 εὐγενής.
1801 2633 1829 2673 5

338 2713 462 2759 Stob.
493 2715 610 2760 Ποῖ.
643 2716 724 2773 91,
754 2717 833 2761 21.

398 2878 523 2936 ἀλλ’
558 2878 590 2952 ἢ
621 2879 678 2938 τὸ
710 2888 880 2955 γῆρας
911 2883 1011 2953 τὴν
1041 2882 1264 2955 Κύπριν
1294 2888 1503 2954 χαίρειν
1541 2883 1630 2956 ε’ᾇ,
