2077 3139
321 132 423 184 228
1007 129 1219 175 ΦοΙΜΞ

322 271 451 320 ἐστιν
479 270 674 330 ἕκαστος
701 265 871 338 οἷσπερ
896 274 1101 335 plerique
1131 282 1291 331 testes,
1329 267 1458 319 ἐστιν
1492 264 1659 332 οἷσπερ
1686 274 1771 334 aL,
1806 263 1910 319 ἐσθ’

321 344 540 405 οἵοισπερ
567 347 619 392 Η.
646 345 854 391 Wolfius.
905 358 1004 390 cum
1030 345 1116 389 hoc
1141 343 1242 389 loco
1265 345 1539 404 iungendum
1565 358 1665 389 esse
1691 344 1746 389 fr.
1777 343 1908 392 1052

321 417 513 463 coniecit
537 416 767 476 Bergkius.

1070 505 1174 558 810

490 590 531 654 ὦ
562 595 792 667 πλοῦθ’,
825 593 935 671 ὅσω
966 595 1066 667 μὲν
1097 599 1300 669 ῥᾷστον
1332 594 1382 651 εἶ
1411 593 1576 667 βάρος
1607 596 1828 666 φέρειν,

489 679 650 738 πόνοι
685 682 744 737 δὲ
775 679 877 736 κάν
909 681 995 736 σοὶ
1026 682 1117 734 καὶ
1148 680 1357 750 φθοραὶ
1389 681 1585 734 πολλαὶ
1616 685 1742 749 βίου

491 764 656 822 ἔνεισ’
668 761 738 821 ὁ
769 763 874 835 γὰρ
905 768 1010 831 πᾶς
1040 761 1283 834 ἀσθενὴς
1314 761 1452 819 αἰών
1483 769 1713 833 βροτοῖς.

427 878 550 924 Stob.
576 877 695 923 Flor.
725 876 808 934 93,
839 877 926 922 17:
954 866 1231 933 Εὐριπίδου
1255 871 1455 951 Φοίνικι
1481 873 1564 932 (sic
1580 870 1782 932 MVind,
1810 864 1911 918 Εὖ-

320 945 518 1005 ριπίδου
561 941 872 1004 Πλεισθένης
913 942 982 1007 Α).
1037 944 1106 991 ω’
1153 934 1334 988 πλοῦθ
1374 968 1443 976 —-
1477 942 1714 1004 βροτοῖςὶ
1768 908 1911 1036 ’3Stoh

320 1018 560 1077 Flor.91,
601 1017 688 1062 12:
726 1008 1003 1074 Εὐριπίδου
1040 1011 1254 1060 Φοίνικι.
1306 1005 1371 1058 εὠ
1404 1005 1592 1059 πλοῦθ’
1623 1039 1685 1046 -
1712 1008 1911 1074 φέρειν’

323 1085 402 1150 (v.s
432 1085 496 1150 1).
548 1102 611 1132 vs.
635 1087 663 1133 3
691 1083 785 1141 πᾶς
811 1075 904 1146 γὰρ
930 1086 1091 1131 malim.

1069 1206 1169 1257 811

490 1295 714 1369 φθόνον
743 1294 809 1352 οὐ
841 1298 1003 1367 σέβω,

487 1390 828 1452 φθονεῖσθαι
862 1381 921 1435 δὲ
952 1375 1171 1450 θέλοιμ’
1204 1375 1273 1435 ἂν
1305 1374 1392 1435 ἐπ’
1427 1380 1661 1442 ἐσθλοῖς.

429 1478 553 1524 Stob.
581 1478 701 1523 Flor.
732 1478 816 1537 38,
845 1477 922 1522 14.

1071 1582 1173 1635 812

491 1676 702 1747 δμωσὶν
736 1678 767 1729 δ
780 1670 791 1689 ’
829 1676 1038 1745 ἐμοῖσιν
1070 1671 1224 1727 εἷπον
1256 1670 1328 1736 ὡς
1357 1676 1671 1741 ταυτηρίαις

493 1763 723 1830 πυρίδες
754 1759 843 1812 καὶ
877 1760 1089 1829 διιπετῆ
1120 1769 1330 1811 κτεῖναι

425 1871 662 1917 Erotianus
700 1869 845 1915 Gloss.
884 1870 1092 1929 Hippoer.
1130 1883 1176 1928 p.
1207 1868 1298 1926 65,
1336 1867 1390 1913 9:
1427 1855 1643 1924 διιπετὴς
1680 1856 1705 1910 δ
1740 1857 1910 1926 γόνος·

321 1957 382 1985 αι
387 1937 430 1985 τὶ
455 1939 541 1985 τοῦ
570 1929 773 2000 διαυγὴς
809 1934 891 1983 καὶ
916 1932 1164 1998 καθαρός,
1204 1953 1267 1991 ως
1294 1930 1375 1981 καὶ
1401 1925 1678 1996 Ευριπίδης
1711 1929 1762 1979 ἐν
1788 1934 1912 1982 Φοί·

321 2028 370 2055 νι
376 2027 424 2055 κι
481 2006 630 2088 λέγων
675 2005 891 2068 εδμωσὶν
932 2034 1004 2042 —
1045 2008 1259 2052 κτεῖναι’
1351 2006 1478 2053 locus
1527 2008 1913 2066 corruptissimus.

323 2074 510 2140 δμωσὶν
537 2071 580 2124 δ’
611 2075 799 2139 ἐμοῖσιν
825 2071 963 2124 εἶπον
992 2094 1054 2132 ως
1081 2073 1320 2136 καυτήρια
1345 2071 1393 2131 ἐς
1417 2073 1516 2137 πῦρ
1543 2072 1640 2121 ἔδει
1665 2072 1745 2120 καὶ
1776 2071 1913 2139 [ταῦ-

322 2147 404 2214 τα]
434 2140 492 2209 δὴ
521 2146 715 2208 διιπετῆ
738 2150 907 2194 θεῖναι
931 2151 1123 2195 coniecit
1147 2147 1475 2193 Valckenarius.

1069 2283 1171 2335 813

490 2380 663 2430 καίτοι
694 2372 820 2430 ποτ’
865 2383 921 2429 εἴ
942 2369 1049 2428 τιν’
1085 2369 1337 2443 εἰσίδοιμ’
1375 2368 1480 2427 ἆνόι
1512 2368 1704 2427 πτόλιν

488 2459 700 2529 τυφλὸν
729 2460 1103 2529 προηγητῆρος
1136 2457 1522 2527 ἐξηρτημένον,

491 2541 874 2612 ἀδημονοῦντα
905 2552 1214 2611 συμφοραῖς
1247 2537 1590 2611 ἐλοιδόρουν,

493 2625 563 2691 ὡς
597 2625 772 2689 δειλὸς
805 2633 889 2696 εἴη
919 2624 1165 2680 θάνατον
1197 2620 1445 2678 ἐκποδῶν
1476 2629 1629 2693 ἔχων.

493 2711 582 2764 καὶ
612 2713 717 2765 νῦν
748 2707 953 2779 λόγοισι
983 2720 1095 2772 τοῖς
1127 2710 1273 2778 ἐμοῖς
1305 2709 1564 2769 ἐναντίως
1885 2718 1914 2759 5

492 2791 731 2864 πέπτωχ’
764 2788 792 2847 ὁ
823 2790 1066 2862 τλήμων·
1101 2783 1146 2846 ὦ
1172 2788 1426 2860 φιλόζωοι
1456 2793 1661 2858 βροτοί,

493 2882 547 2932 οἳ
573 2875 673 2948 τὴν
705 2879 1118 2948 ἐπιστείχουσαν
1155 2872 1365 2947 ἡμέραν
1394 2876 1536 2928 ἰδεῖν
