2077 3139
346 125 449 178 164
979 124 1301 168 ΠΕΛῙΑΔΕΣ

1085 263 1194 314 ’607

510 352 643 425 πρὸς
674 354 872 424 κέντρα
903 350 976 425 μὴ
1008 351 1218 420 λάκτιζε
1248 365 1360 418 τοῖς
1392 355 1659 424 κρατοῦσί
1683 370 1799 410 σου.

452 464 577 511 Stob.
604 465 724 511 Flor.
754 465 802 524 3,
831 464 894 510 22
924 474 967 509 et
995 464 1142 510 Schol.
1171 464 1295 510 Pind.
1322 464 1450 525 Pyth.
1479 463 1527 522 2,
1556 464 1669 511 173.

1096 585 1196 637 608

505 675 567 733 τὸ
601 674 645 732 6²
682 683 908 748 ἔσχατον
940 675 1008 746 δὴ
1037 677 1196 731 τοῦτο
1226 673 1553 746 θαυμαστὸν
1583 679 1800 748 βροτοῖς

512 767 795 832 τυραννίς,
828 757 927 832 οὐχ
959 756 1137 829 εὕροις
1169 756 1237 815 ἂν
1268 756 1622 831 ἀθλιώτερον.

508 851 705 918 φίλους
735 869 792 901 τε
825 853 1062 914 πορθεῖν
1093 845 1182 899 καὶ
1213 855 1574 899 κατακτανεῖν
1604 840 1801 914 χρεών,

509 937 760 994 πλεῖστος
791 927 961 1000 φόβος
993 927 1253 998 πρόσεστι
1283 927 1355 999 μὴ
1389 924 1637 1001 δράσωσί
1665 950 1730 982 τι.

447 1040 570 1086 Stob.
607 1041 727 1086 Flor.
755 1040 842 1099 49,
873 1041 914 1085 7.
967 1055 1028 1085 vs.
1062 1040 1088 1084 1
1129 1032 1335 1097 ἐσχάτως
1362 1039 1634 1098 scripserim.
1686 1053 1746 1083 vs.
1776 1038 1805 1084 3
1832 1037 1938 1083 sort.

342 1102 508 1166 πόλεις
551 1124 599 1155 τε
644 1125 697 1155 π.
737 1105 820 1154 καὶ
871 1107 1042 1169 φίλους
1075 1109 1303 1154 κτανεῖνῖ
1370 1123 1436 1153 vs.
1473 1108 1506 1153 4
1539 1103 1784 1170 πλεῖστος]
1837 1102 1940 1153 ἐπεὶ

340 1181 587 1241 Pssugkius.

1093 1243 1196 1296 609

507 1335 610 1393 οὐκ
642 1342 753 1393 ἔστι
782 1335 846 1392 τα
877 1339 1029 1392 θεῶν
1059 1331 1221 1406 ἄδικ’,
1254 1336 1314 1390 ἐν
1344 1331 1690 1405 ἀνθρώποισι
1725 1332 1785 1389 δὲ

508 1434 693 1486 κακοῖς
725 1424 998 1478 νοσοῦντα
1030 1417 1298 1491 σύγχυσιν
1330 1417 1539 1487 πολλὴν
1571 1423 1692 1490 ἔχει.

445 1534 567 1580 Stob.
595 1533 684 1578 Eel.
714 1532 762 1590 2,
792 1532 838 1589 7,
866 1531 894 1576 2
922 1531 1084 1591 p.336
1112 1538 1157 1575 et
1182 1530 1335 1575 Orion.
1362 1529 1481 1574 Flor.
1511 1529 1614 1574 Eur.
1645 1529 1674 1575 5
1702 1528 1938 1589 p.265,3.

340 1622 403 1651 vs.
438 1607 461 1649 1
493 1594 550 1649 τὰ
576 1601 672 1648 τῶν
699 1599 837 1647 θεῶν
864 1601 1016 1660 Stob.,
1051 1589 1141 1645 τάκ
1167 1597 1303 1645 θεῶν
1330 1599 1589 1645 Meinekius.
1640 1589 1818 1659 ἄδικα,
1853 1588 1942 1643 τάν

341 1675 556 1737 βροτοῖσι
585 1667 637 1718 δὲ
665 1672 947 1718 scribendum
971 1671 1160 1716 videtur.

1099 1791 1203 1843 610

511 1883 679 1955 ὁρῶσι
713 1881 757 1939 δ’
797 1886 853 1939 οἱ
881 1880 1125 1947 διδόντες
1159 1886 1235 1946 εἰς
1268 1879 1333 1936 τὰ
1365 1878 1626 1953 χρήματα.

456 1996 579 2042 Stob.
608 1995 726 2040 Flos.
758 1995 840 2054 92,
866 1994 915 2040 4.

1094 2115 1194 2168 611

518 2210 576 2263 ἐν
607 2220 746 2262 τοῖσι
777 2205 877 2277 μὲν
912 2210 1176 2261 δεινοῖσιν
1208 2199 1280 2269 ὡς
1312 2208 1464 2275 φίλοι
1495 2208 1705 2274 φίλων·

515 2288 646 2347 ὅταν
678 2291 735 2346 δὲ
768 2287 1000 2362 πράξωσ’
1040 2281 1119 2359 εὖ,
1148 2290 1491 2344 διωθοῦνται
1522 2285 1683 2359 χάριν

520 2373 674 2431 αὐτοὶ
707 2372 778 2430 δι’
817 2372 1017 2438 αὑτοὺς
1051 2371 1303 2444 εὐτυχεῖν
1332 2369 1644 2444 ἡγούμενοι.

455 2487 546 2532 Ioh.
586 2487 701 2531 Dam.
740 2492 845 2546 post
881 2485 1006 2532 Stob.
1036 2485 1124 2530 Ecl.
1164 2500 1204 2544 p.
1236 2484 1362 2543 721,
1391 2482 1472 2530 26.
1522 2498 1583 2528 vs.
1614 2482 1644 2529 3
1684 2468 1750 2525 δι’
1780 2472 1946 2525 αὐτῶν

353 2556 518 2603 malim.

1097 2619 1200 2671 612

520 2720 549 2781 ὁ
579 2722 683 2796 γὰρ
716 2722 897 2791 ξυνὼν
929 2723 1090 2790 κακὸς
1120 2724 1220 2796 μὲν
1251 2717 1320 2793 ἢν
1349 2719 1483 2794 τύχῃ
1515 2717 1708 2791 γεγώς,

522 2808 773 2865 τοιούσδε
803 2806 928 2873 τοὺς
960 2807 1221 2875 ξυνόντας
1255 2803 1653 2875 ἐκπαιδεύεται,

523 2890 789 2966 χρηστοὺς
823 2893 882 2948 δὲ
913 2889 1167 2965 χρηστός·
1201 2887 1344 2946 ἄλλα
1369 2887 1467 2954 τας
1497 2884 1710 2961 ὁμιλίας
