2077 3139
854 129 1019 168 ATPH
1662 124 1729 176 65

149 264 268 332 τύχη
294 283 344 316 σε
370 272 661 320 Hermannus,
688 270 761 315 alii
789 270 893 315 alia:
921 277 1023 315 ante
1050 285 1110 315 vs.
1141 269 1169 314 2
1198 284 1287 315 non
1314 270 1424 315 nihil
1451 269 1729 316 intercidisse

151 345 307 388 statuit
332 342 588 388 Meinekius.

890 431 993 482 274

315 529 395 588 τίς
429 518 475 577 δ’
508 517 629 592 οὐχὶ
659 525 833 591 χαίρει
864 525 1078 590 νηπίοις
1108 516 1453 591 ἀθύρμασιν;

255 619 379 665 Stob.
406 618 524 663 Flor.
554 617 634 675 78,
661 617 710 661 4.

891 708 994 760 275

319 804 484 855 πᾶσιν
514 797 616 869 γὰρ
648 795 1050 867 ἀνθρώποισιν,
1083 794 1183 868 οὐχ
1213 792 1344 867 ἡμῖν
1373 796 1562 869 μόνον,

318 879 351 953 ἢ
383 884 472 937 καὶ
504 879 787 950 παραυτίκ’
825 877 858 951 ἢ
889 880 1066 956 χρόνῳ
1101 886 1312 951 δαίμων
1341 887 1466 951 βίον

320 972 539 1037 ἔσφηλε,
573 963 789 1030 κούδεὶς
823 964 910 1020 διὰ
941 967 1129 1028 τέλους
1162 961 1490 1036 εὐδαιμονεῖ.

256 1062 382 1108 Stoh.
413 1063 528 1108 Flor.
558 1062 674 1120 105,
705 1062 782 1107 15.
832 1076 895 1106 vs.
926 1063 952 1106 1
980 1052 1146 1120 μόνοις
1172 1062 1215 1105 Β.

891 1195 992 1246 276

324 1333 333 1341 .
383 1332 390 1340 .
438 1283 496 1339 τὸ
529 1281 573 1339 δ’
609 1284 834 1349 ἐπιεικὲς
868 1282 1069 1354 ὠφελεῖ
1097 1282 1193 1348 τὰς
1223 1282 1516 1356 ξυμφορᾶς.

258 1381 382 1428 stol).
410 1382 527 1449 Flor.
558 1381 641 1439 37,
670 1381 750 1443 20.
800 1372 853 1425 τὸ
882 1370 948 1443 δ’]
977 1370 1029 1424 τὸ
1055 1370 1147 1441 γαρ
1175 1381 1370 1426 Grotius.

893 1514 993 1566 277

321 1608 498 1670 κακῶς
531 1601 576 1660 δ’
608 1602 820 1660 ὄλοιντο
851 1602 1049 1669 πάντες
1080 1610 1135 1660 οἳ
1161 1610 1452 1675 τυραννίδι

321 1696 606 1761 χαίρουσιν
637 1688 793 1761 ὀλίγῃ
824 1685 863 1742 τ’
895 1691 954 1743 ἐν
984 1686 1138 1744 πόλει
1167 1697 1457 1762 μοναρχίᾳ·

321 1771 693 1843 τούλεύθερον
721 1771 824 1842 γαρ
854 1768 1024 1841 ὄνομα
1055 1771 1256 1837 παντὸς
1287 1770 1456 1841 ἄξιον,

323 1851 426 1911 κᾶν
457 1853 630 1927 σμίκρ’
668 1861 761 1928 ἔχῃ
792 1878 891 1925 τις,
923 1853 1104 1926 μεγάλ’
1142 1861 1285 1928 ἔχειν
1314 1856 1583 1928 νομιζέτω.

260 1953 383 1998 Stob.
420 1953 536 1998 Flor.
575 1953 668 2011 49,
706 1953 750 1999 3.
812 1968 873 1997 vs.
913 1952 941 1997 2
982 1942 1155 2013 ὀλίγων
1191 1954 1385 2001 Grotius.
1454 1969 1517 1999 vs.
1556 1955 1585 2000 3
1627 1962 1671 1999 et
1708 1954 1734 1999 4

156 2023 283 2069 affert
307 2023 432 2068 Philo
459 2023 548 2068 lud.
578 2023 663 2068 vol.
692 2023 720 2068 2
748 2037 791 2083 p.
818 2022 935 2069 467.

897 2157 1000 2209 278

323 2249 578 2317 γυναῖκές
611 2250 797 2318 ἐσμεν·
830 2246 895 2301 τὰ
925 2246 1026 2318 μὲν
1056 2244 1201 2322 ὅκνςο
1230 2244 1531 2318 νικώμεθα,

325 2328 388 2385 τὰ
422 2328 467 2384 δ’
504 2328 606 2385 οὐκ
636 2326 704 2386 ἂν
735 2328 889 2402 ἡμῶν
921 2329 1127 2403 θράσος
1156 2329 1519 2402 ὑπερβάλοιτό
1548 2355 1643 2397 τις.

261 2427 386 2473 Stob.
413 2427 528 2472 Flor.
560 2427 641 2485 73,
667 2427 747 2472 41.

899 2520 1002 2571 279

326 2622 448 2678 ποῐ;
479 2611 592 2674 πῶς
627 2609 686 2664 δὲ
717 2606 895 2680 λήσει;
926 2615 1005 2674 τίς
1041 2608 1100 2664 δὲ
1129 2613 1244 2684 νῷν
1275 2610 1461 2676 πιστὸς
1492 2616 1675 2681 φίλος;

327 2697 592 2765 ζητῶμεν·
627 2691 659 2763 ἡ
695 2692 910 2763 δόκησις
943 2691 1260 2763 ἀνθρώποις
1291 2693 1478 2762 κακόν,

325 2779 416 2831 καὶ
446 2773 814 2850 τούπιχειρεῖν
843 2772 887 2848 γ’
924 2775 1310 2849 ἐξαμαρτάνειν
1341 2786 1504 2849 φιλεῖ.

263 2873 385 2919 Stoh.
414 2874 533 2919 Flor.
563 2875 645 2933 22,
675 2875 720 2920 7.

242 2951 370 2986 Evam.
394 2961 477 2985 von.
501 2962 556 2986 m.
1387 2958 1412 2997 5
