2077 3139
344 146 444 199 184
822 212 825 213 γ
1019 147 1204 188 ΣΚΤΡΙ
1209 146 1269 190 41

338 305 451 346 τους
477 291 563 335 πλε
544 280 815 352 ευριτικοῦς
849 282 1119 350 βήσσοντας
1154 279 1399 350 υπόχολον
1425 277 1642 365 ἆναγειν,
1692 288 1818 337 loeus
1844 292 1933 337 huc

340 362 506 407 relatus
547 369 614 406 est
649 361 891 406 secundum
931 361 1138 421 Apollod.
1167 361 1216 419 3,
1245 361 1327 418 13,
1354 361 1409 408 8.
1460 349 1579 405 κᾶκε
1584 362 1607 404 ῑ
1637 354 1933 422 τρεφόμενος

340 428 649 492 (ΑοὴίΙΙε5)τῃ
668 424 1034 490 Λυκομήδους
1020 425 1232 493 θυγατρὶ
1251 426 1524 494 Δηιδαμείᾳ
1543 427 1783 492 μίγνυται.
1825 447 1885 478 vs.
1902 431 1929 477 3

339 493 554 561 χειμαζει
581 501 814 548 Ruhnken.
841 498 960 565 χολῃ
991 501 1134 547 Valck.

1093 607 1197 660 684

507 700 669 770 σοφοὶ
704 698 764 753 δὲ
795 696 1243 771 συγκρύπτυυσιν
1274 702 1476 764 οἰκείας
1508 695 1737 768 βλάβας.

445 796 566 842 stol).
603 796 721 841 Flor.
763 795 888 853 109,
927 795 982 842 8:
1031 784 1306 853 Εὐριπίδου
1345 791 1595 854 Σκυρίοις.
1659 789 1838 853 (σοφοὶ
1869 819 1930 828 -

338 859 569 928 βλάβας’.
617 867 753 912 Orion
779 865 899 912 Flor.
931 866 986 924 1,
1016 866 1081 912 10
1108 881 1147 925 p.
1179 865 1308 924 250,
1339 865 1428 911 12:
1483 859 1535 909 ἐκ
1562 862 1659 910 τῶν
1687 862 1933 922 Σκυρίων.

340 931 513 996 ’σοφοὶ
540 962 603 969 -
639 928 868 997 βλαβας’.

1090 1000 1192 1053 685

507 1097 637 1163 φεῦ,
669 1097 779 1148 τῶν
803 1097 1069 1161 βροτείων
1100 1114 1170 1156 ως
1202 1088 1478 1162 ἀνώμαλοι
1509 1090 1678 1162 τύχαι.

504 1182 560 1232 οἳ
586 1199 686 1247 μεν
717 1174 818 1247 γὰρ
853 1176 913 1232 εὐ
943 1192 1285 1246 πρασσουσι,
1303 1188 1416 1240 τοῖς
1451 1174 1509 1230 δε
1539 1175 1819 1246 συμφοραὶ

505 1262 735 1331 σκληραὶ
768 1257 1022 1331 πάρεισιν
1055 1257 1382 1330 εὐσεβοῦσιν
1413 1264 1490 1324 εἰς
1520 1257 1708 1328 θεούς,

505 1346 596 1399 καὶ
628 1342 778 1400 πάντ’
816 1342 1056 1415 ἀκριβῶς
1089 1340 1219 1399 κάπὶ
1252 1348 1568 1415 φροντίδων
1599 1348 1724 1414 βίον

506 1428 650 1484 οὕτω
685 1433 906 1493 δικαίως
939 1433 1102 1496 ζῶσιν
1134 1426 1397 1499 αἰσχύνης
1429 1451 1519 1482 ατε
1499 1450 1570 1498 ε.ρ
1824 1442 1852 1484 5

445 1526 572 1571 Stob.
601 1527 719 1571 Flor.
751 1526 868 1585 105,
899 1526 987 1572 16:
1025 1525 1113 1569 τοῦ
1138 1519 1290 1570 αὐτοῦ
1316 1517 1542 1581 Σκύριοι.
1594 1521 1719 1581 εφεῦ
1747 1520 1933 1567 τῶν-

337 1612 417 1641 ατε
404 1597 492 1650 ρ’.
542 1612 604 1642 ν5.
631 1597 725 1641 1-
733 1596 761 1642 3
790 1595 942 1640 attulit
969 1596 1061 1641 1011.
1089 1595 1233 1655 Lydus
1263 1597 1315 1640 de
1342 1610 1481 1640 mens
1509 1594 1559 1653 4,
1589 1595 1615 1640 7
1645 1610 1688 1653 p.
1718 1592 1802 1651 55,
1831 1594 1858 1639 7
1887 1600 1931 1638 et

337 1666 387 1724 4,
416 1666 479 1713 652
508 1666 1230 1740 p.94,1.11demletruntur1n
1257 1667 1386 1711 Anth.
1414 1665 1502 1709 Pal
1536 1631 1615 1720 10,
1646 1664 1756 1710 107.
1810 1679 1872 1708 ν5.
1899 1663 1928 1708 3

337 1734 403 1790 εἰς
438 1728 584 1783 θεούς
562 1732 613 1812 f]
651 1725 769 1793 πρὸς
813 1727 964 1790 θεους
992 1701 1206 1793 oAnthol„
1251 1724 1373 1791 πρὸς
1418 1732 1540 1778 θεοῦ
1578 1735 1727 1808 Lydus
1772 1748 1814 1792 p.
1846 1733 1929 1789 55,

337 1798 457 1867 πρὸς
483 1798 604 1850 θεόν
632 1822 673 1867 p.
704 1806 785 1853 94.
814 1821 874 1852 vs.
902 1806 933 1851 4
961 1801 1069 1868 καὶ]
1098 1806 1129 1851 Γ.
1159 1821 1254 1849 καν
1281 1805 1367 1865 leg.
1399 1820 1461 1850 xus
1490 1804 1519 1851 5
1547 1792 1636 1849 σὺν
1662 1801 1730 1866 τῷ
1757 1799 1930 1866 δικαίῳ

338 1877 519 1923 Gesner.

1086 1940 1187 1993 686

507 2016 594 2085 ζεύ
633 2026 728 2083 stag

440 2043 653 2176 Hesyelil:
693 2107 914 2176 ζεύγλας·
945 2105 1127 2174 ζυγοὶ
1104 2129 1134 2172 η
1163 2110 1282 2176 μέρη
1307 2112 1395 2160 τοῦ
1420 2111 1583 2175 ζυγοῦ.
1619 2108 1703 2159 καὶ
1730 2109 1927 2170 ζευκτῆ-

336 2200 413 2242 ρες
439 2178 793 2245 ἵμαντόδεσμοι.
829 2179 909 2229 καὶ
938 2183 1216 2245 τροπωτῆρε
1222 2202 1259 2240 ς.
1296 2182 1633 2246 μεταφορικῶς
1653 2175 1930 2245 Εὐριπίδης

334 2253 594 2318 Σκυρίαις.
1086 2320 1186 2373 687

502 2395 857 2470 παρασάγγης

437 2494 538 2539 Lex.
587 2496 700 2540 rhet.
739 2495 945 2540 Cantabr.
983 2502 1089 2555 post
1123 2495 1251 2540 phot.
1287 2509 1331 2554 p.
1360 2493 1478 2552 674,
1524 2492 1587 2539 27
1627 2489 1686 2552 (in
1721 2492 1925 2551 Append.

333 2563 434 2609 Lex.
462 2564 649 2609 vindob.
679 2565 784 2610 edit.
815 2579 937 2610 meae
964 2581 1005 2625 p.
1035 2565 1151 2621 353,
1179 2564 1223 2609 4.
1254 2567 1432 2623 quicum
1460 2561 1837 2609 cf.Mxller1Mel
1869 2563 1928 2606 de

331 2637 416 2680 lzsstt
447 2633 528 2679 Gr.
558 2648 601 2711 p.
619 2634 734 2690 397,
763 2636 880 2680 unde
908 2636 1120 2681 discimus
1148 2629 1433 2679 Ιιοθοὲκτῶν
1451 2627 1927 2678 ΚλαυδίουΚασίλω·

335 2718 417 2758 νος
443 2717 576 2763 παρα
612 2705 712 2759 τοῖς
733 2693 967 2759 Ἀττικοῖς
995 2697 1191 2766 ρητορσι
1220 2699 1453 2764 ζητουμέι
1459 2718 1525 2748 ων
1552 2715 1651 2747 esse
1675 2700 1925 2760 excerpta):

332 2765 599 2833 σαγγανδαι
629 2771 854 2836 (expectes
873 2763 1129 2832 ἆστοῖνδαι)
1156 2768 1206 2819 δὲ
1226 2789 1272 2818 οι
1262 2763 1693 2831 ἀποστελλόμενοι
1719 2769 1926 2815 καλοῦν-

331 2856 434 2887 ται·
487 2841 747 2903 Σοφοκλῆς
783 2839 834 2889 δὲ
861 2838 911 2888 ἐν
938 2860 1037 2899 τοις
1065 2839 1272 2901 Ποιμέσι
1307 2839 1389 2888 καὶ
1419 2835 1692 2903 Εὐριπίδης
1719 2835 1769 2885 ἐν
1796 2840 1928 2885 Σκυ·

331 2911 458 2974 ρίαις
482 2924 801 2976 παρασαγγας
826 2904 1004 2968 αὗτοῦς
1031 2908 1341 2974 κεκλήκασιν.
