2077 3139
869 139 1216 184 PRAEFATIO
1781 151 1836 186 χ,

1008 280 1091 328 111

468 361 618 415 καλὸν
645 358 688 413 δ’
719 362 807 424 ἕξω
831 360 1124 441 πραγμάτων
1152 359 1277 423 ἔχειν
1301 377 1356 407 π(
1355 354 1447 422 ’δα,

470 432 721 500 εὐβουλίας
744 432 955 496 τυχόντα
980 433 1064 491 τῆς
1089 424 1361 491 ἀμείνονος.

367 523 488 570 Stob.
517 524 633 569 Flor.
661 521 751 578 58,
776 520 823 565 4.
874 513 1062 581 [Heracl.
1094 517 1189 562 109
1218 510 1312 576 sq]

1016 641 1092 689 IV

470 728 540 786 τίς
562 719 624 774 ἂν
650 726 793 786 δίκην
817 723 1026 782 κρίνειεν
1052 715 1083 785 ἢ
1110 720 1218 784 δοίη
1243 713 1401 784 λόγον,

471 795 588 860 πρὶν
611 789 674 845 ἂν
699 788 812 855 παρ’
844 789 1030 856 ἆμφοῐν
1062 792 1229 854 μῦθον
1254 787 1448 855 ἐκμάθῃ
1473 791 1667 849 σαφῶςς

370 885 493 932 Stob.
521 883 639 929 Flor.
665 882 759 940 46,
787 880 832 926 2.
884 875 1077 942 [Heracl.
1108 877 1204 924 179
1233 871 1322 940 sq.]

1030 1003 1077 1050 V

472 1083 561 1152 τὴν
589 1082 630 1136 δ’
662 1080 907 1169 εὐγένειαν
934 1086 1018 1145 τῆς
1043 1078 1188 1146 τύχης
1214 1080 1489 1143 νικωμένην

473 1162 566 1207 νῦν
594 1152 653 1222 δὴ
677 1150 864 1220 μάλιστ’
897 1154 1098 1204 ἐσεῖδον·
1126 1152 1227 1200 οι’δε
1237 1169 1363 1237 γαο
1366 1145 1546 1211 πατοὸς

475 1227 653 1277 ἐσθλοῦ
677 1228 880 1292 γεγῶτες
907 1217 1192 1286 δυστυχοῦσ’
1221 1215 1340 1279 (ἕνεκα
1326 1221 1426 1277 ίως

371 1313 858 1372 Stob.F10r.107‚6.
909 1307 1099 1374 [Herae]
1131 1308 1297 1355 233—-
1304 1301 1445 1368 235.]

1023 1434 1098 1483 VI

475 1518 565 1570 οὐκ
593 1519 689 1569 ε’στι
715 1518 854 1568 τοῦδε
880 1514 1018 1566 παισὶ
1045 1510 1244 1562 κάλλιον
1269 1511 1408 1579 γέρας

474 1584 507 1652 ἡ
531 1583 710 1652 πατρὸς
735 1587 912 1636 ἐσθλοῦ
937 1582 1170 1664 καγαθοΰ
1192 1581 1462 1644 πεφυκέναι

474 1665 646 1726 γαμεῖν
672 1655 714 1706 τ’
743 1651 829 1706 ἄπ’
859 1655 1071 1704 ἐσθλῶν·
1098 1648 1152 1713 ὃς
1180 1652 1231 1702 δὲ
1254 1649 1479 1714 νικηθεὶς
1503 1645 1646 1714 πόθῳ

476 1734 646 1788 κακοῖς
671 1725 1013 1788 ἐκοινώνησεν,
1039 1718 1128 1774 οὐκ
1156 1721 1390 1770 ἐπαινέσω

475 1821 520 1848 τε
507 1799 659 1856 ’κνοις
683 1793 870 1854 ὄνειδος
895 1796 968 1844 ειί
965 1814 1034 1881 Γἐχ
1067 1788 1248 1871 ἡδονῆς
1275 1795 1446 1839 λιπεῖν.

474 1864 526 1917 τὸ
552 1866 773 1931 δυστυχὲς
797 1885 889 1930 γαρ
915 1857 1125 1929 ηὑγένει’
1134 1855 1388 1946 εαμύνεται

474 1941 559 2000 τῆς
585 1938 859 2001 δυσγενείας
883 1937 1091 1997 μᾶλλον·
1116 1927 1255 1994 ἡμεῖς
1279 1949 1371 1995 γαρ
1398 1929 1564 1977 κακῶν

475 2010 540 2067 εἰς
566 2002 828 2069 τοῦσχατον
853 2003 1077 2063 πεσόντες
1102 1998 1309 2064 εὕρομεν
1333 2000 1515 2063 φίλους.

371 2096 494 2144 stoh.
521 2095 642 2141 Flor.
667 2094 759 2152 88,
787 2094 831 2139 7.
882 2108 944 2138 vs.
975 2093 1000 2137 1
1031 2099 1128 2137 et...
1102 2090 1130 2120 0
1168 2095 1376 2149 repetunt
1401 2087 1525 2132 Stob.
1551 2085 1670 2130 Flor.
1697 2084 1788 2143 79,
1815 2083 1845 2130 3

270 2175 316 2214 et
340 2166 472 2213 Orion
499 2165 618 2210 Flor.
646 2165 796 2223 Eurip.
821 2163 867 2219 9,
895 2162 970 2207 ubi
996 2162 1211 2206 accedunt
1235 2158 1369 2202 verba
1393 2150 1474 2200 καὶ
1501 2156 1599 2208 τοῖς
1623 2151 1846 2199 τεκοῦσιν

272 2227 408 2294 ἀξίαν
432 2225 574 2295 τιμὴν
600 2229 763 2294 νέμειν
789 2232 862 2290 (fr.
892 2231 1022 2289 943)
1076 2227 1270 2291 [Heracl.
1299 2227 1464 2273 297-
1471 2219 1608 2288 304]

1008 2354 1111 2403 VII

479 2435 503 2489 ὁ
532 2431 654 2497 Ζεῦς
679 2430 916 2498 κολαστὴς
940 2437 1039 2484 τῶν
1062 2430 1187 2499 ἄγαν
1212 2425 1552 2496 ὑπερφρόνων.

376 2528 499 2576 Stoh.
525 2527 644 2572 Flor.
673 2525 764 2583 22,
795 2524 874 2572 18.
929 2519 1121 2585 [Heracl.
1150 2519 1284 2579 388.]

999 2646 1132 2694 VIII

476 2731 559 2781 καὶ
583 2725 668 2781 τὸν
691 2730 894 2796 γέροντα
920 2724 1010 2786 τήν
1037 2722 1081 2774 τ’
1111 2726 1203 2775 ἔσω
1228 2728 1404 2788 γραῖαν
1431 2719 1595 2785 δόμων

374 2824 573 2867 Ammon.
601 2820 654 2864 de
688 2818 778 2863 diff.
807 2816 955 2862 vocab.
992 2829 1036 2875 p.
1063 2814 1130 2860 50
1155 2821 1199 2858 et
1236 2813 1378 2872 Etym.
1407 2811 1514 2856 Gud.
1542 2824 1584 2869 p.
1617 2807 1742 2864 186,
1768 2803 1850 2851 49.

275 2885 463 2955 [Heracl.
491 2883 629 2952 584.]
