2077 3139
353 134 457 187 224
931 134 1343 175 ΦΙΛΟΚΤΗΤΗΣ

458 279 673 339 Iles3'.:ch
708 268 856 322 αἰων·
883 266 908 322 ὁ
935 275 1041 337 βίος
1066 274 1165 321 τῶν
1190 268 1475 359 ἆνθρῴπων
1499 303 1570 310 —
1596 269 1869 338 Εὐριπίδης
1896 272 1948 325 δὲ

357 343 638 413 Φιλοκτητῃ
663 344 816 392 αἰῶνα
841 337 929 409 τὴν
950 336 1119 407 ψυχὴν
1144 343 1310 407 λέγει(
1326 337 1630 393 απέπνευσεν
1655 345 1839 394 αἰωνα’

1105 466 1207 519 799

523 549 694 618 αἱρεῖς

795 637 864 664 διν
1052 636 1121 664 διν

457 685 669 744 Hes3ch.:
707 680 886 741 αἴρεῑς·
917 673 1154 739 δοξάζεις,
1191 671 1313 745 ἡγῇ·
1348 673 1623 743 Εὐριπίδης
1653 673 1947 746 Φιλοκτητῃ.

355 755 518 801 Auecd.
553 754 682 799 Bekk.
721 769 764 814 p.
802 753 930 813 359,
971 752 1034 798 22
1073 761 1117 798 et
1152 753 1333 798 Suidas:
1375 750 1529 813 αἱρεῖς
1568 749 1743 817 (αἱρεῖς
1779 751 1946 814 Suidae)

357 817 584 882 δοξαζεις,
611 839 723 887 ηγῃ.
1107 886 1209 938 800

522 961 743 1036 ἀκριβές

457 1062 671 1122 Hes3⁷ch.:
698 1051 923 1123 ἀκριβές·
951 1052 1118 1119 ἄκρον.
1170 1050 1447 1120 Εὐριπίδης
1477 1051 1774 1124 Φιλοκτήτῃ.

1025 1192 1278 1241 ΦΟΙΝΙΞ

457 1289 658 1347 Respicit
693 1287 807 1332 hano
840 1286 1116 1359 tragoediam
1152 1286 1225 1329 Ar.
1263 1284 1371 1328 Ach.
1409 1283 1538 1359 421,
1587 1286 1662 1344 qui
1698 1284 1949 1345 Euripidem

355 1360 710 1417 interrogantem
736 1358 865 1402 facit:
894 1372 951 1399 τα
978 1356 1095 1400 ποῖα
1121 1346 1297 1413 τρύχη;
1323 1379 1394 1385 ——
1419 1371 1477 1397 τα
1502 1351 1588 1398 τοῦ
1617 1352 1802 1412 τυφλοῦ
1831 1352 1950 1399 Φοί-

357 1443 516 1483 var-033
555 1427 807 1486 argumenti
836 1439 1049 1471 summam
1077 1425 1242 1469 indicat
1267 1423 1475 1483 Apollod.
1505 1425 1552 1481 3,
1583 1425 1664 1483 13,
1692 1425 1747 1471 8;
1778 1422 1951 1480 Φοῖνιξ

356 1493 381 1543 ὁ
414 1489 713 1556 Ἀμύντορος
746 1522 816 1529 —
850 1485 946 1540 υπὸ
986 1492 1072 1538 τοῦ
1113 1484 1293 1553 πατρὸς
1334 1487 1596 1552 ἐτυφλώθη
1639 1503 1949 1551 καταψευσα-

357 1564 507 1628 μένης
547 1561 750 1626 φθορὰν
780 1563 947 1619 Φθίας
972 1579 1058 1622 της
1083 1561 1169 1608 τοῦ
1195 1554 1377 1620 πατρὸς
1402 1560 1721 1620 παλλακίδος·
1757 1555 1952 1624 Πηλευς

359 1635 411 1684 δὲ
435 1627 585 1683 αυτὸν
612 1627 731 1693 πρὸς
758 1633 985 1694 Χείρωνα
1011 1632 1212 1692 κομίσας
1237 1649 1306 1678 vn
1355 1628 1543 1678 ἐκείνου
1577 1630 1953 1691 θεραπευθέντα

357 1702 442 1764 τας
475 1700 620 1765 όψεις
653 1701 854 1765 βασιλέα
891 1700 1150 1763 κατέστησε
1190 1696 1444 1748 Δολόπων.
1523 1705 1578 1749 cs.
1616 1704 1771 1764 Epigr.
1805 1705 1950 1752 Cvzic.

357 1779 493 1825 Anth.
527 1778 618 1822 Pal.
655 1777 703 1835 3,
737 1777 791 1822 3:
829 1767 1088 1856 Ἀλκιμέδη
1127 1765 1428 1832 ξυνόμευνον
1464 1761 1738 1833 Ἀμύντορα
1780 1767 1953 1830 παιδὸς

360 1843 539 1907 ἐρύκει,
559 1844 797 1901 Φοίνικος
824 1843 865 1890 ὁ
893 1840 1051 1890 ἐθέλει
1076 1843 1260 1889 παῦσαι
1286 1838 1433 1903 χόλον
1457 1839 1675 1904 γενέτου·
1699 1870 1762 1876 -
1791 1846 1953 1899 κεῖνος

363 1912 407 1964 δ’
461 1909 526 1964 αὖ
584 1914 761 1971 δολίοις
814 1914 1180 1975 ψιθυρίσμασιν
1223 1905 1405 1974 ἤχθετο
1447 1909 1629 1979 κούρῳ,
1673 1901 1759 1975 ἦγε
1808 1906 1850 1959 δ’
1906 1909 1954 1969 ἐς

362 1977 655 2048 ὀφθαλιιους
683 1982 911 2045 λαμπαδα
938 1981 1235 2030 παιδολέτιν.
1286 1984 1434 2030 Schol.
1461 1986 1571 2030 All.
1601 1985 1652 2042 Ι,
1681 1985 1781 2031 453
1808 1985 1953 2044 (Eust.

361 2061 410 2106 Il.
438 2076 482 2120 p.
511 2058 636 2116 763,
668 2032 776 2115 111,
814 2057 890 2102 uhi
918 2072 998 2116 pro
1026 2071 1083 2118 τῃ
1109 2047 1335 2113 πιθόμην
1371 2049 1453 2098 καὶ
1481 2050 1619 2111 ἔρεξα
1644 2056 1953 2101 Aristodemus

361 2123 419 2175 οὐ
443 2121 674 2201 πιθόμην
693 2094 801 2172 οὐδ’
831 2122 939 2182 ἔρξα
966 2127 1201 2184 scripsisse
1229 2126 1440 2170 traditur:
1467 2115 1561 2184 πρὸ
1588 2119 1640 2170 δὲ
1665 2113 1819 2169 αυτοῦ
1843 2126 1950 2170 Σω-

362 2191 578 2259 σιφοῖνης
621 2186 710 2255 τὴν
754 2190 1001 2271 τοιαύτην
1030 2187 1139 2276 εὗρε
1181 2187 1406 2255 γραφήν·
1459 2191 1540 2238 καὶ
1584 2187 1859 2253 Εὐριπίδης
1902 2191 1954 2240 δὲ

362 2261 705 2343 αναμαρτητον
744 2261 922 2327 εἰσοῖγει
958 2256 1040 2309 τὸν
1073 2260 1210 2324 ἥρωα
1245 2259 1295 2308 ἐν
1332 2263 1401 2342 τῷ
1440 2263 1657 2311 Φοίνικι.
1708 2265 1854 2311 Schol.
1883 2266 1953 2310 AB

363 2342 411 2386 ll.
439 2341 482 2401 1,
505 2339 630 2384 448:
657 2326 688 2395 ἡ
714 2333 900 2397 ιστορία
926 2333 1194 2397 (Phoenicis)
1219 2351 1350 2395 παρα
1377 2333 1446 2399 τῷ
1472 2333 1676 2399 ποιητῇ·
1703 2350 1836 2395 παρα
1860 2327 1952 2395 γὰρ

363 2411 462 2464 τοῖς
498 2408 748 2468 τραγικοῖς
780 2400 1126 2465 παραλλάσσει.
1186 2405 1414 2484 Euripidei
1448 2406 1590 2466 mythi
1630 2406 1799 2451 sontem
1840 2405 1953 2449 indi-

363 2480 478 2526 cavit
503 2479 800 2537 Hieronymus
836 2485 949 2522 teste
987 2476 1108 2521 Suid.
1137 2491 1174 2519 v.
1206 2465 1583 2556 Ἀναγυρασιος.
1574 2493 1583 2501 ·
1622 2466 1797 2519 τούτου
1833 2473 1952 2531 (dae-

365 2551 509 2594 monis
537 2553 691 2607 Anagv
695 2547 817 2606 rasiI)
847 2543 897 2592 δέ
922 2561 992 2601 τις
1018 2541 1218 2603 ἐξέκοψε
1243 2534 1296 2590 τὸ
1324 2536 1494 2600 αλσος·
1523 2536 1549 2590 ὃ
1576 2540 1626 2590 δὲ
1653 2541 1723 2609 τῷ
1746 2537 1840 2606 υἱῷ
1865 2535 1951 2588 αὐ-

365 2617 452 2663 τοῦ
488 2613 694 2677 ε’πέμηνε
730 2633 818 2675 την
852 2607 1129 2676 παλλακην,
1166 2631 1272 2673 ητις
1305 2631 1371 2674 μη
1411 2610 1658 2675 δυναμένη
1691 2614 1955 2672 συμπεῖσαι

364 2679 448 2734 τὸν
481 2684 632 2733 παῖδα
667 2682 890 2746 διέβαλεν
926 2702 991 2740 ως
1023 2679 1202 2767 ἆσελγη
1238 2689 1310 2768 τῷ
1346 2682 1504 2746 πατρί.
1557 2676 1582 2729 ὃ
1619 2678 1671 2729 δὲ
1707 2674 1954 2765 ἕπῄρωσεν

364 2747 516 2803 αυτὸν
542 2753 625 2802 καὶ
653 2750 1126 2839 ἐγκατῳκοδόμησεν.
1178 2750 1255 2800 ἐπὶ
1273 2735 1470 2810 τούτοις
1496 2771 1580 2799 και
1602 2747 1628 2798 ὁ
1656 2745 1816 2812 πατὴρ
1843 2748 1952 2798 ἕαυ·

365 2817 447 2873 τὸν
482 2839 783 2887 ανηρτησεν,
817 2821 848 2886 ἡ
880 2822 930 2872 δὲ
965 2817 1189 2884 παλλακη
1228 2823 1296 2881 εἰς
1329 2821 1482 2886 φρέαρ
1519 2815 1701 2900 ἑαυτὴν
1731 2819 1954 2883 ἔρριψεν.

365 2895 550 2961 ιστορεῑ
570 2893 621 2944 δὲ
639 2889 924 2958 Ἱερώνυμος
951 2891 1003 2942 ἐν
1029 2894 1096 2961 τῷ
1121 2891 1231 2959 περὶ
1257 2891 1655 2961 τραγῳδοποιῶν,
1674 2881 1954 2949 απεικάζων
