2077 3139
643 125 1012 167 FABVLARVM
1032 121 1256 164 FRAGM.
1477 155 1480 159 .
1645 115 1747 168 277

905 260 1009 312 990

330 365 577 426 κορμοῖσι
608 349 811 422 πεύκης

268 451 423 497 Pollux
452 452 498 508 7,
528 449 652 496 109:
677 443 762 492 καὶ
788 437 1061 509 Εὐριπίδης
1087 439 1212 506 λέγει
1239 444 1489 505 εκορμοΐσι
1515 433 1698 502 πεύκης
1713 441 1748 490 ⁹.

910 580 1009 633 991

748 673 846 726 λῦε
876 667 1051 741 πηκτὰ
1085 666 1350 741 δωματων

268 771 424 818 Pollux
454 770 541 828 10,
568 768 657 814 27;
694 765 765 830 τῷ
792 761 843 812 δὲ
868 766 1054 811 κλεῖσαι
1094 761 1203 811 ἴσον
1229 759 1312 809 καὶ
1337 756 1389 808 τὸ
1424 761 1642 808 πακτοῦν
1668 757 1750 807 καὶ

165 833 217 886 τὸ
243 836 542 886 ἐπιπακτοῦν
569 854 651 893 τας
677 831 838 898 θύρας
865 831 1018 894 ἐστίν,
1049 831 1223 910 ὥσπερ
1239 833 1308 898 τῷ
1332 823 1549 894 ἀνοίγειν
1574 822 1753 877 ταύτὸν

165 904 218 956 τό
245 903 396 969 λυειν,
425 901 488 966 ὡς
514 904 609 968 ἔφη
634 900 906 965 Εὐριπίδης
932 906 946 929 e
964 904 1048 950 λῦε
1073 894 1233 950 πακτὰ
1260 881 1536 981 ὄωμοῖτων’.
1577 903 1752 947 Aristo-

166 982 336 1042 phanes
371 981 475 1025 Ach.
513 979 612 1025 479
654 979 911 1038 Euripidem
954 977 1174 1023 dicentem
1210 976 1339 1021 facit:
1383 962 1508 1034 ἁνὴρ
1544 961 1753 1034 υβρίζει·

167 1051 294 1096 κλεῖε
317 1042 478 1110 πηκτὰ
505 1040 755 1107 δωμάτων.

906 1154 1008 1206 992

272 1247 487 1306 Porphyl.
518 1246 570 1291 de
611 1246 723 1291 abst
755 1245 812 1303 3,
842 1244 925 1291 25;
968 1236 1168 1304 συγγενὲ
1150 1258 1196 1296 ες
1222 1232 1342 1301 ημῖν
1368 1230 1419 1284 τὸ
1447 1254 1546 1284 των
1573 1236 1756 1284 λοιπῶν

170 1312 307 1382 ζιόων
335 1313 494 1377 γένος·
533 1310 613 1360 καὶ
641 1305 732 1396 γάρ
768 1309 946 1373 τροφαὶ
982 1312 1134 1358 πᾶσαι
1158 1309 1215 1356 αἱ
1243 1302 1385 1355 αὐταὶ
1419 1307 1565 1354 πᾶσιν
1593 1297 1757 1363 αυτοῖς

169 1383 254 1432 καὶ
279 1379 531 1445 πνεύματα
559 1379 622 1439 ὡς
649 1378 924 1464 Εὐριπίδης
950 1379 1032 1427 καὶ
1059 1379 1285 1441 φοινίους
1312 1376 1406 1439 ἔχει
1432 1372 1547 1458 ῥοὰς
1572 1368 1630 1424 τὰ
1655 1375 1758 1442 ζῳα

170 1452 355 1514 πάντα,
392 1451 474 1500 καὶ
501 1469 696 1509 κοινους
723 1447 957 1499 ἁπάντων
984 1449 1202 1497 δείκνυσι
1226 1452 1406 1512 γονεῖς,
1437 1439 1649 1507 οὐρανὸν
1674 1443 1757 1492 καὶ

170 1543 281 1589 γην.
341 1528 388 1618 i'n
432 1527 502 1571 his
536 1526 770 1584 Euripidea
806 1539 906 1570 esse
949 1518 1203 1581 φοιιίους
1240 1517 1334 1580 ἔχει
1377 1509 1493 1582 ροας
1527 1516 1534 1579 Ι
1565 1508 1624 1563 τὰ
1658 1514 1759 1581 ζῷα

170 1591 358 1642 παντα’
399 1597 591 1642 coniecit
625 1595 774 1640 Valck.
791 1630 804 1652 ,
848 1594 903 1640 cf.
941 1586 1143 1652 αἵματός
1178 1606 1227 1635 τε
1263 1589 1462 1649 φοινίου
1502 1581 1620 1649 ῥοάς
1653 1589 1757 1636 Eur.

172 1667 326 1727 Suppl.
359 1666 483 1722 6903
511 1666 608 1711 vide
636 1673 782 1710 tamen
811 1679 864 1709 an
891 1665 1164 1723 Porphyrius
1191 1662 1401 1721 respiciat
1426 1660 1481 1704 fr.
1503 1660 1618 1706 836.

915 1797 1017 1849 993

347 1889 450 1962 ἐγώ
484 1887 537 1945 δ’
576 1887 699 1960 ἐμός
732 1894 841 1960 εἰμι

278 1989 531 2034 Priscianus
557 1988 662 2031 Inst.
691 1987 814 2045 XVII,
845 1987 967 2033 110:
994 1989 1041 2031 in
1068 1999 1164 2029 una
1191 1990 1343 2029 autem
1371 1984 1625 2041 eademque
1648 1994 1758 2039 per·

177 2073 293 2105 sona
321 2071 574 2117 possessor
607 2059 742 2102 szmul
771 2063 814 2102 et
840 2058 1080 2114 possessio
1106 2056 1404 2099 mtransz'tive
1437 2053 1645 2109 mtelleyi
1667 2066 1761 2096 non

172 2135 348 2188 potest,
387 2131 481 2174 nisi
517 2129 723 2187 fiqurate
757 2128 885 2171 dicat
929 2129 1113 2185 aliquas.
1147 2149 1217 2157 ——
1254 2121 1569 2181 Euripi‘des
1586 2112 1679 2181 ἐγὼ
1714 2110 1756 2162 δ’

177 2191 291 2257 ἐμός
324 2194 458 2256 εἰμι’.
511 2197 716 2241 similiter
747 2196 879 2253 XVII,
919 2195 1033 2241 198.
1094 2195 1268 2238 videtui
1305 2192 1567 2252 Apollodori
1602 2190 1762 2235 comici

180 2283 332 2313 versus
358 2268 570 2323 indIcari,
616 2280 748 2326 quem
776 2267 961 2310 servasii
995 2265 1189 2310 Donatus
1227 2265 1272 2307 in
1298 2263 1473 2306 Terent.
1501 2260 1680 2304 Phorm.
1709 2258 1758 2315 4,

180 2340 235 2394 1,
274 2337 338 2382 21
376 2339 441 2382 sic
475 2339 712 2395 scriptum:
757 2324 851 2394 ἐγὼ
884 2328 1027 2395 γάρε
1010 2331 1103 2391 εἰμι
1140 2326 1288 2391 μόνος
1322 2328 1422 2376 τῶν
1462 2326 1591 2389 ἐμῶν
1633 2323 1759 2406 ε’μός.

177 2410 430 2454 coniunctis
455 2406 666 2451 Prisciani
701 2413 743 2450 et
770 2406 926 2450 Donati
960 2403 1230 2449 lectionIbus
1266 2402 1538 2448 correxerim
1573 2391 1665 2459 ἐγὼ
1693 2385 1760 2455 δ’,

181 2472 293 2537 ἐμὸς
319 2469 410 2537 γάρ
438 2471 533 2534 εἰμι
559 2473 654 2519 τῶν
682 2470 810 2533 ἐμῶν
836 2471 1002 2534 μόνος.

922 2608 1026 2660 994

347 2699 448 2773 οὐχ
479 2701 707 2769 ἑσπέρας
738 2695 886 2770 qnid,
919 2695 1055 2752 ἀλλὰ
1088 2697 1176 2751 καὶ
1210 2698 1546 2768 μεσημβρίας

350 2783 574 2850 τούτους
605 2781 978 2854 ἀφεστήκασιν
1008 2782 1217 2852 ἡμέραν
1247 2785 1451 2849 τρίτην.

287 2882 543 2928 Priscianus
579 2882 688 2927 Inst.
716 2880 868 2938 xvffl,
910 2879 1029 2926 166:
1065 2880 1224 2924 Latini
1256 2879 1454 2935 despero
1489 2878 1617 2921 illam
1653 2886 1765 2919 rens.
