2077 3139
826 83 1031 126 AANAH
1659 74 1718 128 81

313 234 362 287 εἰ
391 224 442 287 δ’
476 226 511 301 ἦ
542 225 754 296 Κύπρις
782 229 1030 284 τοιοῦτον
1057 221 1368 296 ὀφθαλμοῖς
1395 221 1515 296 ὁρᾷ,
1616 237 1643 277 5

309 316 376 371 οὐ
409 311 581 386 θαῦμ’
616 317 817 384 ἔρωτας
846 315 1077 383 μυρίους
1109 306 1281 381 αὐτὴν
1314 314 1472 380 ἔχειν.

249 411 374 458 Stob.
402 410 520 455 Flor.
548 409 630 467 91,
654 407 704 454 4.
742 407 930 453 eundem
954 406 1102 452 locum
1128 406 1278 450 attulit
1304 404 1476 450 At11.lv
1501 419 1544 464 p.
1570 402 1664 448 159
1679 403 1726 460 B,

144 484 250 528 item
284 496 347 526 vs.
377 477 529 526 1—4
555 479 714 524 Sextus
746 477 912 536 Empir.
948 491 992 536 p.
1021 475 1146 533 663,
1183 475 1274 533 23,
1311 489 1374 519 vs.
1407 475 1431 518 1
1463 473 1490 518 2
1529 480 1571 517 et
1606 473 1726 517 tertii

143 552 321 597 initium
353 549 567 606 Athenag.
595 549 745 606 Legat.
774 562 812 592 c.
840 546 903 592 29
941 561 985 605 p.
1016 546 1141 603 154,
1177 559 1242 589 vs.
1274 545 1300 588 1
1340 551 1385 589 et
1421 542 1603 588 alterius
1644 543 1727 586 ini·

148 624 258 666 tium
296 619 517 665 Diodorus
559 630 648 662 exc.
692 617 788 661 Vat.
834 631 877 676 p.
927 615 1051 672 135,
1096 616 1288 674 denique
1331 628 1393 658 vs.
1437 614 1463 656 1
1507 612 1727 657 Lucienus

146 691 316 735 Timon.
350 687 416 733 41
451 687 536 732 iol.
578 688 604 731 1
640 701 683 746 p.
724 685 822 732 153
859 685 1011 730 Somn.
1052 683 1115 729 14
1151 684 1236 728 v.ol
1276 683 1304 728 2
1353 697 1396 742 p
1435 680 1532 727 725
1570 680 1727 725 Sextus

145 759 311 819 Empir.
344 773 388 818 p.
426 757 553 815 570,
591 756 668 802 14.
716 757 902 814 respicit
935 770 1001 800 xus
1032 755 1058 799 1
1097 754 1280 798 Tzetzes
1305 752 1447 812 Epist.
1472 751 1538 796 43
1574 765 1616 810 p.
1646 749 1727 796 38.

145 844 210 874 xus
238 828 268 874 3
300 817 666 887 ἀνθρώποισιν]
703 820 754 868 ἐν
791 816 1012 884 ὁόιιοισιν
1046 821 1297 867 A211.vs.4
1325 821 1658 866 0111.Stobaeus
1684 826 1729 864 et

147 899 329 944 Seneca.
376 911 417 940 v.
438 896 466 942 6
495 891 687 953 τρέφειν
713 894 857 953 stol),
885 890 1010 954 ἔχειν
1035 894 1137 937 ΑιΙι.
1165 908 1188 938 e
1213 892 1555 950 Bellerophonte
1579 889 1727 934 locum

146 969 335 1028 petitum
360 973 509 1011 narrat
534 965 700 1011 Seneca
724 965 861 1024 Epist.
877 965 998 1010 115:
1024 976 1112 1008 nec
1138 963 1268 1021 apud
1288 961 1498 1006 Graecos
1523 962 1729 1019 tragicos

146 1039 314 1083 desunt
339 1039 420 1096 qui
450 1037 586 1082 lucro
617 1037 926 1081 innocentiam
954 1034 1152 1078 salulem
1178 1035 1438 1089 opinionem
1462 1035 1637 1076 mutent
1668 1051 1726 1061 —

313 1108 524 1164 pecunia
549 1107 713 1164 inqens
733 1107 920 1162 yeneris
944 1105 1140 1149 humani
1161 1104 1342 1159 bonum,

325 1178 406 1221 cui
429 1189 520 1220 non
548 1177 765 1232 voluptas
789 1177 954 1218 matris
979 1179 1063 1218 aut
1088 1173 1292 1218 blandae
1312 1176 1471 1228 potest

315 1260 416 1303 par
441 1257 541 1289 esse
561 1247 726 1302 prom,
755 1258 849 1288 non
875 1257 1019 1288 sacer
1042 1244 1220 1287 meritis
1232 1254 1434 1299 parens.

326 1322 419 1359 tam
444 1316 582 1359 dulce
608 1316 650 1358 si
672 1315 784 1372 quid
820 1313 1012 1358 Veneris
1036 1315 1080 1356 in
1109 1314 1237 1357 vultu
1262 1312 1419 1366 micat,

322 1385 486 1445 merito
511 1385 592 1428 illa
620 1396 805 1441 amores
830 1384 1044 1427 coelitum
1073 1387 1213 1440 alque
1238 1381 1471 1426 hominum
1499 1385 1660 1425 movet.

148 1469 254 1502 cum
278 1455 327 1499 he·
349 1455 585 1499 novissimi
618 1465 784 1498 versus
809 1453 857 1497 in
892 1453 1136 1511 lraqoedia
1163 1451 1408 1508 Euripidis
1431 1452 1733 1506 pronuntmti

149 1530 328 1581 essent,
368 1529 490 1569 totus
513 1525 726 1580 populus
759 1524 825 1568 ad
858 1523 1116 1568 eiciendum
1151 1525 1426 1567 electorem
1462 1526 1505 1564 et
1540 1531 1731 1564 carmen

151 1594 460 1641 consurrexit
492 1607 583 1638 uno
619 1594 814 1650 impetu,
852 1593 1000 1637 donec
1035 1592 1292 1649 Euripides
1324 1592 1370 1635 in
1405 1591 1599 1634 medium
1632 1591 1731 1646 ipse

145 1665 370 1724 prosiluit
390 1668 559 1719 petens
584 1669 633 1707 ul
653 1668 966 1720 expectarent
991 1663 1294 1719 viderentque
1313 1671 1446 1719 quem
1473 1660 1734 1704 admirator

155 1736 267 1780 auri
301 1735 478 1778 exilum
506 1732 712 1791 faceret.
751 1732 896 1776 dabat
929 1735 974 1776 in
1003 1733 1085 1776 illa
1116 1730 1288 1789 fabula
1307 1741 1496 1787 poenas
1521 1729 1732 1774 Bellero·

147 1801 399 1863 pleontes'.
446 1802 482 1846 si
508 1802 708 1861 ipsorum
736 1815 937 1845 versuum
965 1801 1230 1845 sententiam
1258 1798 1533 1855 consideres,
1561 1811 1734 1842 errasse

157 1874 368 1918 Senecam
402 1871 569 1916 fateare
607 1884 789 1916 necesse
825 1866 966 1928 esst-²).
1018 1872 1123 1915 item
1158 1869 1321 1914 erravit
1347 1867 1592 1928 Gregorius
1624 1867 1734 1926 ’Nys-

269 2008 313 2059 *)
343 2007 411 2047 De
429 2008 587 2048 Ixione
619 2007 786 2048 similia
816 2007 957 2048 tradit
978 2007 1249 2048 Plutarchus
1271 2006 1379 2046 Mor.
1410 2018 1452 2057 p.
1478 2006 1529 2045 19
1549 2005 1606 2043 E:
1640 1996 1737 2068 Evg’·

157 2063 350 2121 ριπίὸης
372 2060 524 2105 εἰπεῖν
546 2061 742 2127 λέγεται,
755 2058 869 2116 πρὸς
891 2057 999 2111 τούς
1020 2058 1102 2104 τὸν
1124 2057 1300 2126 Ἰξίονα
1314 2059 1656 2129 1.,2οιὸοροῦντοις
1677 2054 1738 2106 ὠς

162 2117 307 2188 ασεβῆ
336 2117 416 2160 καὶ
414 2113 630 2183 ’μιαρόις
665 2113 744 2160 εοὗ
772 2117 930 2172 μείτοι
959 2112 1186 2172 πρότερον
1210 2111 1356 2160 αὐτὸν
1379 2112 1428 2158 ἐκ
1458 2115 1540 2168 τῆς
1563 2115 1737 2169 σκηνῆς

159 2170 393 2229 ἐξήγαγον
411 2167 439 2228 ἢ
469 2175 531 2228 τῷ
551 2175 696 2230 τροχῷ
725 2174 1059 2228 προσηλῶσαιῖ
1100 2187 1218 2227 qnae
1249 2175 1386 2227 paulo
1416 2185 1557 2212 malo]
1562 2185 1630 2211 em
1658 2172 1738 2212 ha·

159 2235 270 2274 bent
296 2232 509 2271 veritatis
539 2234 751 2284 speeiem,
782 2245 891 2272 vera
913 2244 1011 2272 esse
1039 2244 1128 2271 non
1151 2231 1428 2271 affirmarim.
1469 2227 1738 2267 Palamedes

159 2287 390 2340 Euripidis
424 2286 581 2327 fabula
609 2299 776 2328 scenae
814 2288 1052 2328 commissa
1089 2291 1159 2327 est
1195 2286 1429 2326 duodecim
1465 2285 1596 2323 annis
1632 2290 1738 2323 ante

160 2343 363 2385 Socratis
384 2353 567 2384 mortem
588 2344 772 2384 ineunte
801 2343 1056 2395 olympiade
1078 2346 1152 2394 913
1184 2342 1327 2382 nihilo
1351 2341 1497 2380 minus
1524 2341 1658 2392 Diog.
1681 2340 1735 2382 L.

160 2403 202 2448 2,
217 2401 272 2440 44
290 2404 446 2438 narrat
468 2398 524 2439 ad
540 2399 795 2438 damnatum
814 2399 1045 2439 Socratem
1067 2399 1153 2438 hac
1174 2397 1413 2450 tragoedia
1430 2399 1608 2449 poetam
1626 2395 1740 2436 allu-

162 2458 279 2496 sisse
300 2454 420 2506 (vide
441 2455 545 2494 Eur.
564 2455 616 2494 fr.
635 2455 751 2504 591),
775 2467 904 2507 quam
927 2454 1145 2494 fabellam
1170 2454 1405 2494 exornavit
1427 2457 1585 2492 auctor
1607 2464 1737 2501 argu-

161 2512 303 2551 menti
328 2511 466 2552 Isocr.
495 2511 660 2550 Busir.:
702 2507 894 2574 λέγεταί
919 2524 963 2550 τι
997 2509 1236 2562 τοιοῦτον,
1274 2505 1335 2557 ὡς
1368 2499 1440 2550 ὅτι
1474 2485 1740 2567 Εὐριπίδου

160 2563 451 2631 βουλομένου
492 2562 645 2607 εἰπεῖν
684 2579 791 2617 περι
832 2559 977 2607 αὐτοῦ
1019 2566 1091 2616 (de
1134 2566 1336 2626 Socrate)
1384 2561 1466 2604 καὶ
1506 2557 1736 2623 δεδιοτος,

165 2615 537 2663 ἅναπλάσασθαι
558 2616 641 2662 τόν
663 2616 975 2683 Παλαμήδην,
1006 2620 1085 2662 ἴνα
1113 2617 1197 2663 otc}
1218 2614 1385 2662 τούτου
1414 2620 1546 2685 σχοίη
1575 2612 1741 2668 καιρὸν

164 2676 248 2719 τοῦ
266 2675 569 2743 αἰνίξασθαι
611 2673 676 2724 εἰς
716 2691 796 2717 τον
836 2673 1063 2741 Σωκράτη
1102 2676 1184 2719 καὶ
1224 2674 1290 2725 εἰς
1324 2674 1432 2722 τοὺς
1463 2670 1741 2740 Ἀθηιαίους

170 2726 383 2775 (ἐκάνετε
414 2727 605 2776 ἐκάνετε
628 2733 718 2797 τῷν
731 2729 970 2796 ’.Εἶλήνων
987 2725 1069 2775 τόν
1089 2725 1321 2798 ἇριστον’,
1343 2748 1366 2774 o
1392 2727 1516 2774 ἔστιν
1539 2726 1739 2783 ἔφοιευ-

163 2800 299 2830 σατε·
328 2787 408 2830 καὶ
430 2788 607 2842 νοῆσαν
628 2786 681 2830 τὸ
712 2787 917 2843 θέατρον
939 2779 1069 2830 ἆπαν
1098 2765 1345 2842 ἐδάκρυσε,
1371 2782 1491 2829 διότι
1513 2786 1619 2841 περὶ
1642 2787 1741 2828 Σω-

165 2859 364 2899 κρκτους
385 2839 610 2900 ᾐνίττετο.

248 2911 377 2947 cvm.
400 2922 485 2946 von
519 2921 572 2948 ta
1382 2917 1409 2957 6
