2077 3139
674 135 860 175 DVBIA
881 133 958 173 ET
982 131 1196 173 SPVRIA
1532 148 1536 151 ·
1631 127 1734 180 305

146 281 400 329 monarchia
437 294 475 324 c.
511 277 558 322 2.
622 278 860 321 Christiani
894 276 1084 322 hominis
1122 289 1220 320 esse
1266 281 1385 320 recte
1428 273 1593 318 iudicat
1630 273 1737 317 Mei-

146 352 319 397 nekius.
372 365 438 394 vs.
471 350 497 393 1
525 342 726 404 νοητέον
753 346 904 404 Clem.‚
932 341 1183 405 νομιστέον
1212 345 1319 389 lust.

865 521 998 572 1116

399 627 538 682 ποῖος
567 617 610 669 δ’
641 614 702 669 ἂν
728 616 860 679 οἶκος
885 615 1126 668 τεκτόνων
1154 615 1392 676 πλασθεὶς
1418 612 1517 665 ὕπο

402 691 547 755 δέμας
572 684 623 739 τὸ
649 695 794 739 θεῖον
820 685 1075 754 περιβάλοι
1102 689 1272 751 τοίχων
1298 691 1528 750 πτυχαῑς;

254 796 455 841 Clemens
482 793 602 838 Alex.
629 792 795 837 Strom.
822 791 857 834 V
882 805 925 850 p.
956 790 1077 836 691:
1107 779 1366 849 παγκάλως
1392 786 1559 831 τοίνυν
1585 777 1609 830 ὁ
1638 775 1737 829 Εὖ-

150 863 347 925 ριπίδης
371 856 570 926 συνᾴδει
597 853 784 915 τούτοις
809 853 1017 920 γράφων
1055 858 1220 914 (ποῖος
1248 883 1310 890 -
1337 857 1586 918 πτυχαῖς’.
1640 853 1740 900 vide

150 950 263 996 quae
298 935 407 980 dixit
442 933 684 978 Meinekius
723 930 843 975 Com.
873 930 905 974 4
941 945 984 989 p.
1016 930 1096 975 67.

865 1093 996 1144 1117

151 1203 377 1243 ΕΡΜΗΣ.
413 1191 571 1257 Δόμοι
597 1190 684 1255 μὲν
711 1187 808 1240 02'6'
838 1184 1057 1254 εύπυργα
1082 1183 1123 1237 τ’
1157 1185 1371 1253 ἐρύματα
1398 1187 1578 1251 χθονὸς

408 1267 498 1311 ούκ
526 1261 575 1311 ἐι
600 1258 977 1325 πολυχρύσοισιν
1002 1255 1212 1322 ἠσκηται
1240 1259 1445 1322 χλιδαῖς·

399 1327 556 1397 ἀρχὴν
583 1332 635 1381 δὲ
660 1332 809 1381 τῶνδε
836 1329 918 1379 καὶ
945 1332 1080 1379 θεῶν
1107 1325 1347 1393 ἱδρύματα

392 1399 633 1465 Ἀκρίσιος
649 1402 867 1483 εἴληχεν,
894 1398 1133 1480 τύραννος
1157 1400 1300 1458 τῆσδε
1324 1399 1439 1462 γῆς·

387 1473 589 1541 ’Έλλησι
617 1464 660 1519 δ’
679 1466 862 1536 Αργος
886 1465 916 1532 ἡ
944 1466 1081 1528 πόλις
1106 1463 1434 1530 κικλήσκεται.
1716 1483 1742 1520 5

403 1542 542 1600 οὗτος
569 1536 614 1589 δ
646 1542 787 1622 ε’ρωτι
813 1534 989 1598 παιδὸς
1014 1535 1216 1603 α’ρσενος
1241 1536 1402 1601 σχεθε
1365 1557 1435 1595 εις

401 1607 617 1660 Πυθώδ’
648 1604 843 1674 ἀφῖκτο,
870 1610 952 1658 καὶ
980 1609 1106 1673 λέγει
1135 1610 1305 1692 Φοίβῳ
1331 1605 1470 1655 τάδε·

402 1684 506 1740 πῶς
530 1701 593 1728 αν
618 1680 805 1746 γένοιτο
831 1680 1017 1744 σπέρμα
1044 1671 1219 1736 παιδὸς
1247 1676 1296 1724 ἐν
1323 1674 1476 1741 δόμῳ,

401 1753 531 1809 τίνος
556 1753 692 1799 θεῶν
718 1752 910 1814 βροτῶν
935 1767 984 1797 τε
1009 1749 1311 1810 πρευμενοῦς
1336 1744 1520 1809 τυχώνς

401 1826 562 1879 κεῖνος
588 1819 639 1869 δὲ
665 1817 1028 1883 δυσξύμβλητον
1044 1812 1272 1899 ,ἐξήνεγκ
1306 1813 1743 1869 &ww-10

403 1891 536 1940 ε’σται
564 1889 653 1953 μὲν
680 1891 810 1939 εσται
837 1884 1010 1947 παιδὸς
1035 1883 1236 1951 ἄρσενος
1262 1882 1400 1944 τόκος

400 1955 492 2010 οὐκ
519 1957 565 2020 ἐξ
592 1959 804 2008 ἐκείνου·
832 1961 995 2024 πρῶτα
1020 1953 1114 2022 γὰρ
1141 1960 1305 2018 θῆλυν
1330 1971 1515 2021 σποραι

401 2033 556 2093 φῦσαι
581 2028 755 2091 δεήσει.
807 2026 932 2099 κᾷτα
957 2048 1057 2087 πως
1083 2029 1233 2105 κείνη
1245 2026 1360 2076 ποτὲ

402 2095 554 2161 εὐνὴν
581 2101 831 2164 κρυφαίαν
855 2101 1038 2164 γνοῦσα
1064 2097 1147 2145 καὶ
1173 2091 1238 2160 μὴ
1263 2098 1448 2162 γνοῦσα
1476 2089 1535 2156 δη

403 2164 680 2231 ὑπόπτερον
707 2169 878 2218 λέοντα
904 2168 1116 2228 τέξεταιι
1104 2168 1263 2228 πατρί,
1694 2181 1742 2217 15

403 2235 456 2298 ὃς
481 2235 687 2301 τῆσδέ’
645 2260 667 2287 τ
715 2233 847 2304 αρξει
874 2234 1109 2303 χατέραςι
1097 2239 1282 2296 πολλῆς
1308 2231 1505 2298 χθονός.

405 2305 586 2358 τοιαῦτ’
616 2303 831 2366 ἀκούσας
857 2310 1041 2367 Λοξίου
1067 2304 1375 2370 μαντεύματα

402 2377 569 2458 γάμων
594 2372 846 2442 ἆπείχεθ·
872 2374 1001 2441 όμως
1029 2377 1080 2426 δέ
1103 2394 1157 2441 γε
1182 2377 1329 2424 τίκτει
1355 2370 1538 2433 λαθων,

404 2443 525 2511 πρὸς
551 2450 635 2496 τοῦ
661 2445 901 2530 παρόντος
927 2446 1092 2509 ιμέρου
1117 2443 1395 2525 νικώμενος.

406 2513 611 2596 Δαναην
639 2517 689 2566 δέ
713 2537 813 2576 πως
840 2512 1068 2596 ὠνόμασε
1079 2511 1241 2577 τήνδ’,
1269 2508 1518 2563 ὁθούνεκα
1692 2528 1745 2566 -20

404 2581 555 2645 πολυς
580 2591 836 2650 παρηλθεν
862 2587 928 2643 εἰς
952 2604 1107 2674 γονην
1133 2554 1322 2634 παίδων
1348 2582 1534 2648 χρόνος.

404 2657 455 2707 ἐν
481 2659 766 2738 παρθενῶσι
793 2651 838 2704 δ’
868 2650 1022 2714 εὐθὺς
1047 2651 1121 2714 οἷς
1147 2654 1363 2718 ἐδείματο

406 2727 602 2776 δίδωσιν
623 2720 910 2811 Ἀργείαισιν
939 2726 1217 2790 ἔμφρουρον
1242 2723 1428 2786 κόραις,

407 2797 475 2856 εἰς
498 2791 678 2878 ανδρὸς
704 2794 834 2876 ὄψιν
853 2792 1208 2859 εὐλαβούμενος
1234 2799 1411 2858 μολεῖν.

411 2860 509 2916 εἷθ’
542 2860 605 2926 ὦς
630 2860 655 2915 6
681 2859 866 2932 μακρὸς
890 2860 1100 2929 ηύξανεν
1126 2861 1308 2927 ταύτην
1334 2859 1522 2928 χρόνος,
1695 2877 1747 2914 25

254 2962 383 2996 Evam
406 2971 491 2997 vot..
525 2971 580 2997 m.
1362 2963 1415 3001 ρο
