2077 3139
669 125 856 167 DVBIA
876 125 956 166 ΕΤ
978 124 1192 166 SPvRIA
1482 156 1486 160 -
1625 120 1725 174 301

143 259 350 328 εθράσει
375 293 442 302 -
469 260 806 326 ἕπεκτήσατο’.
865 268 1102 313 Theocrito
1142 267 1288 312 locum
1325 265 1482 311 tribuit
1516 268 1726 312 Arsenius

143 354 188 397 p.
221 338 349 396 458,
394 339 482 396 17,
528 339 604 383 sed
649 337 707 382 ibi
752 351 834 397 pro
876 333 1139 394 Θεοκρίτου
1176 337 1267 396 leg.
1308 332 1621 394 Θεοκτίστου,
1668 337 1725 382 cs.

144 408 391 454 Theocsssti
418 415 530 453 sent.
558 409 602 452 in
630 406 782 452 Orellii
812 407 971 466 Opusc.
992 414 1116 452 sent.
1144 406 1230 451 vol.
1263 407 1289 451 1
1317 421 1360 465 p.
1388 405 1504 452 404.

866 555 997 606 1097

316 640 488 717 ἡδονὴ
519 647 799 716 πανταχοῦ
831 646 942 698 ἐστι
973 646 1062 698 καὶ
1094 641 1269 699 πάντα
1304 642 1378 699 δι’
1413 639 1613 714 ἡδονῆς
1642 647 1729 715 γί-

1311 750 1477 783 νεται.

246 841 410 886 Anecd.
447 840 582 885 Oxon.
617 839 705 884 vol.
733 839 765 884 4
799 839 1009 899 p.316,
1054 839 1138 885 15·
1186 836 1393 899 λιγυρῶς
1428 832 1480 884 δὲ
1515 828 1571 882 οὐ
1607 834 1728 898 λέγω

141 900 291 986 ἡδέως
317 901 440 954 κατὰ
465 901 547 954 τὸν
573 899 852 966 Εὐριπίδην
888 899 1071 968 *ἡδονη
1095 934 1165 941 -
1189 905 1423 968 γίνεταιᾎ
1464 897 1586 952 αλλα
1619 899 1728 983 λιγὺ

141 972 196 1025 τὸ
226 968 325 1035 ὀξύ.
377 980 745 1025 Schneidewinus
782 979 903 1024 Coni.
933 981 1035 1024 crit.
1071 994 1112 1048 p.
1144 979 1244 1026 110
1278 980 1541 1060 proposuit:
1575 967 1729 1038 ἡδονὴ

143 1045 195 1096 δὲ
229 1047 478 1109 πανταχοῦ
518 1040 612 1093 ’στι
648 1063 809 1092 παντα
843 1043 925 1092 καὶ
963 1040 1026 1091 δι’
1075 1037 1258 1106 ἡδονῆς
1290 1049 1298 1107 Ι
1329 1045 1557 1109 γίγνεται.
1621 1048 1729 1093 mihi

143 1121 382 1166 obscurum
403 1127 470 1164 est
492 1119 595 1178 quid
618 1119 749 1164 verba
774 1108 929 1178 ἡδονὴ
948 1144 1018 1151 -
1036 1115 1220 1179 γίνεται
1241 1119 1325 1164 hoc
1351 1118 1450 1164 loco
1473 1118 1557 1163 sibi
1578 1118 1726 1166 velint.

871 1266 1003 1318 1098

245 1370 466 1416 Eusebius
512 1370 672 1415 Chron.
716 1384 809 1415 can.
857 1385 898 1430 p.
947 1370 1044 1415 277
1097 1372 1186 1415 sive
1233 1369 1452 1429 Georgius
1496 1369 1727 1429 Syncellus

140 1440 389 1516 C'ncconogr.
417 1443 458 1500 p.
488 1438 604 1497 283,
633 1440 684 1486 6:
718 1428 991 1499 Ευριπίὸης
1017 1434 1068 1484 δὲ
1093 1453 1175 1483 τον
1202 1433 1482 1483 ’Ἀτλαντα’
1464 1433 1578 1497 όρος
1604 1432 1728 1485 εἶναι

142 1505 295 1568 φησιν
329 1523 570 1567 υπερνεφε
563 1505 610 1563 ’.ς
663 1509 842 1554 Cosmas
880 1510 1051 1555 Hieros.
1082 1510 1126 1553 in
1154 1509 1284 1583 Greg.
1310 1510 1412 1555 Naz.
1448 1511 1545 1555 Maii
1574 1509 1728 1569 Spicil.

142 1581 226 1626 vol.
256 1579 284 1625 2
324 1595 368 1639 p.
401 1578 522 1625 162:
561 1566 832 1638 Ευριπίὸης
862 1570 958 1623 δὲ
938 1594 961 1623 ο
988 1568 1214 1639 τραγικὸς
1251 1571 1360 1635 ὅρος
1395 1569 1729 1640 υπερνέφελον

140 1646 293 1709 ἔφησε
319 1640 404 1695 τὸν
419 1641 672 1694 ’.Ἀτλαντα
723 1649 915 1694 sortasse
943 1652 1184 1708 respicitur
1209 1649 1312 1695 Eur.
1340 1650 1433 1694 Ion.
1464 1651 1509 1695 1.

857 1782 991 1834 1099

311 1876 484 1929 κακᾶν
515 1879 655 1943 βίων
688 1870 968 1943 διαγωγήν

240 1984 579 2060 GregoriiCor.
618 1984 755 2030 codex
780 1983 917 2028 Paris.
947 1981 1080 2030 2678
1109 1985 1173 2030 ed.
1204 1984 1377 2030 Schaes.
1414 2000 1457 2045 p.
1488 1983 1610 2032 226:
1649 1999 1727 2046 γε·

143 2043 286 2109 νικᾶς
327 2052 424 2099 τῶν
476 2050 832 2112 πληθυντικῶν
875 2068 961 2107 τας
1006 2050 1072 2107 εἰς
1110 2052 1216 2099 ,ΩΝ
1249 2049 1489 2115 ληγούσας
1526 2044 1605 2099 διὰ
1642 2053 1728 2100 τοῦ

145 2124 248 2169 ΑΝ
280 2118 610 2199 προφέρουσιν
653 2120 705 2168 οἱ
736 2124 967 2183 Δωριεῑς,
1012 2121 1199 2181 μουσᾶν
1238 2119 1457 2185 λέγοντες
1497 2113 1606 2169 ἀντὶ
1641 2123 1728 2170 τοῦ

143 2191 367 2253 μουσῶν,
407 2184 468 2248 ῶς
495 2189 576 2238 καὶ
605 2191 876 2253 Σοφοκλῆς
912 2188 962 2237 ἐν
988 2190 1172 2239 Αἴαντι
1198 2183 1431 2271 ἆλιαόἆν,
1466 2190 1548 2239 καὶ
1576 2183 1726 2255 Ευ-ρι

143 2259 338 2322 πίδης(
356 2261 515 2307 κακᾶν
538 2261 661 2323 βίων
699 2255 993 2341 διαγωγην’,
1029 2252 1136 2308 ἆντι
1163 2262 1250 2308 τοῦ
1285 2252 1505 2309 ἆλιαὸῶν
1529 2260 1612 2308 καὶ
1639 2281 1725 2309 κα-

142 2331 248 2377 κῶν
274 2329 410 2392 βιᾞων
456 2332 752 2393 Sophocleum
778 2324 985 2377 ἆλιαδᾶν
1009 2333 1178 2393 legitur
1204 2335 1270 2379 Ai.
1295 2334 1413 2393 880,
1439 2335 1492 2379 de
1518 2335 1727 2395 Euripide

143 2417 257 2463 quae
286 2403 520 2447 traduntur
546 2410 621 2448 aut
647 2403 746 2449 ficta
775 2411 879 2448 sunt
906 2410 979 2448 aut
1008 2410 1231 2462 corrupta.

881 2551 1015 2603 1100

246 2653 500 2700 Lactantius
527 2654 668 2699 Instit.
708 2654 764 2712 5,
802 2656 893 2713 15,
937 2656 1018 2699 11:
1055 2669 1206 2716 neque
1234 2659 1354 2701 enim
1386 2657 1519 2715 falsa
1549 2664 1618 2702 est
1644 2659 1726 2704 illa

144 2727 375 2770 sententia
419 2737 542 2784 quae
584 2726 712 2783 apud
752 2725 1028 2782 Euripidem
1071 2728 1236 2784 fertur
1277 2729 1322 2771 in
1372 2727 1499 2771 hunc
1546 2729 1726 2772 modum

146 2792 298 2852 ‘quae
330 2795 407 2840 hic
442 2796 567 2839 mala
599 2799 856 2852 putantur,
893 2796 1015 2840 haec
1049 2798 1230 2842 suntin
1267 2798 1399 2842 caelo
1426 2797 1590 2843 bona'.
1641 2797 1726 2842 Eu·

145 2862 300 2923 ripidis
326 2877 487 2909 nomen
514 2864 620 2908 mihi
647 2871 905 2924 suspectum
931 2871 1012 2910 est.
