2077 3139
710 86 1248 127 ΒΕΛΛΕΡΟΦΟΝΤΗΣ
1707 87 1766 136 71

354 226 575 300 γνω’μην
607 233 818 299 ἔχοντες
852 276 861 283 .
894 225 1023 299 φήμ’
1059 228 1161 299 ἐγώ
1193 235 1495 299 τυραννίδα
1744 250 1770 289 5

355 319 587 369 κτείνειν
617 334 674 367 τε
705 319 992 377 πλείστους
1023 311 1310 384 χρημάτων
1339 312 1377 368 τ’
1408 312 1729 385 ἀποστερεῖν

356 395 550 465 ὅρκους
581 417 638 450 τε
671 401 1110 465 παραβαίνοντας
1143 399 1436 467 ἐκπορθεῖν
1467 396 1673 463 πόλεις·

353 482 441 535 καὶ
471 484 639 534 ταῦτα
671 484 907 548 δρῶντες
937 477 1144 550 μᾶλλόν
1177 476 1272 535 εἰσ’
1310 477 1627 552 εὐδαίμονες

351 567 459 617 τῶν
491 561 870 631 εὐσεβούντων
899 560 1076 636 ἡσυχῇ
1108 561 1229 619 καθ’
1264 562 1486 635 ἡμέραν.

352 644 532 710 πόλεις
563 669 620 701 τε
649 644 841 717 μικρὰς
865 645 989 701 οἶδα
1019 645 1255 718 τιμώσας
1278 646 1464 717 θεούς,
1719 664 1771 705 10

352 735 411 784 αἳ
437 727 694 800 μειζόνων
725 728 952 785 κλύουσι
986 732 1428 801 δυσσεβεστέρων

351 811 543 884 λόγχης
574 809 793 887 άριθμῷ
824 819 1073 879 πλείονος
1103 812 1484 885 κρατούμεναι.

350 896 498 967 οἶμαι
530 893 576 951 δ’
609 893 678 952 ἂν
706 891 866 968 ὑμεῖς,
902 906 953 952 εἴ
978 922 1056 963 τις
1086 894 1249 968 ἆργὸς
1281 893 1358 954 ὢν
1387 908 1539 964 θεοῖς

352 979 560 1051 εὔχοιτο
591 982 680 1035 καὶ
710 979 783 1051 μὴ
815 982 952 1052 χειρὶ
985 983 1236 1052 συλλέγοι
1267 987 1409 1052 βίον,

349 1062 412 1118 τὰ
442 1073 571 1119 θεῖα
602 1067 908 1135 πυργοῦσιν
939 1089 994 1120 αι
1026 1071 1191 1120 κακαί
1216 1088 1272 1121 τε
1303 1070 1597 1138 συμφοραί
1718 1083 1768 1124 15

286 1159 480 1205 Iustinus
513 1161 638 1206 Mart.
669 1162 720 1206 de
758 1163 1012 1207 monarchia
1040 1177 1077 1207 ο.
1109 1163 1166 1208 5:
1204 1158 1285 1206 καὶ
1321 1157 1373 1206 ἐν
1404 1154 1769 1239 Βελλεροφόντῃ

183 1224 257 1273 ἐἰ
277 1226 390 1273 θεοί
413 1255 475 1261 -
505 1225 624 1274 εἰσὶν
650 1224 779 1275 θεοί’
808 1227 880 1292 (sr
911 1230 1027 1288 294,
1058 1232 1119 1289 7)
1172 1228 1252 1276 καὶ
1280 1225 1427 1277 πάλιν
1464 1227 1514 1276 ἐν
1539 1231 1608 1298 τῷ
1633 1220 1768 1296 αὐτῷ

184 1296 359 1357 *φησίν
388 1325 449 1331 -
477 1298 768 1360 συμφοραίὶ
817 1316 880 1345 vs.
913 1301 973 1346 15
1002 1315 1090 1345 non
1120 1303 1318 1362 expedio.

921 1449 1023 1501 289

343 1551 456 1603 τοῖς
487 1536 800 1610 πράγμασιν
831 1536 932 1609 γὰρ
964 1537 1083 1611 οὐχὶ
1114 1544 1436 1610 θυμοῦσθαι
1467 1539 1673 1612 χρεων·

344 1624 493 1692 μέλει
525 1620 627 1694 γάρ
659 1620 844 1687 αὐτοῖς
874 1619 1064 1677 οὐδέν·
1100 1621 1214 1678 ἀλλ’
1249 1619 1641 1696 οὑντυγχάνων

344 1703 408 1759 τὰ
439 1704 702 1777 πράγματ’
736 1704 916 1776 ὀρθῶς
946 1702 1015 1776 ἢν
1045 1712 1193 1778 τιθῇ,
1226 1705 1456 1776 πράσσει
1488 1712 1679 1773 καλῶς.

283 1799 549 1847 Stoh.F10r.
583 1803 707 1861 108,
738 1803 814 1850 ΞΟ.
868 1817 964 1848 cum
990 1803 1092 1848 Eur.
1131 1804 1184 1848 fr.
1226 1804 1357 1851 1040
1396 1806 1436 1849 hi
1471 1820 1624 1851 versus
1663 1821 1763 1852 coa·

178 1878 358 1915 luerunt
394 1873 438 1915 in
479 1872 600 1917 Stob.
631 1872 857 1930 Flor.54,
888 1873 967 1917 14.
1019 1874 1198 1918 eosdem
1234 1874 1398 1919 habent
1432 1875 1545 1919 Plut.
1573 1876 1681 1920 Mor
1718 1892 1759 1936 p.

177 1939 276 1986 467
305 1944 336 1983 A
375 1948 419 1985 et
456 1941 569 1986 Plut.
611 1957 650 2002 q.
688 1943 726 1987 d.
767 1943 818 1987 de
858 1945 945 1987 vita
982 1943 1106 1988 Hom.
1142 1958 1179 1988 c.
1210 1944 1306 1990 153
1342 1945 1428 1989 vol.
1458 1945 1487 1990 5
1523 1961 1565 2005 p.
1613 1946 1759 1997 1194

177 2024 239 2054 vs.
272 2011 296 2054 1
339 2017 383 2054 et
418 2011 644 2056 dimidium
673 2011 702 2056 2
738 2011 854 2070 (τοῖς
888 2026 971 2069 πρ.
1008 2038 1070 2044 -
1111 2002 1270 2072 οὐδέν)
1305 2014 1473 2060 Marcus
1510 2019 1673 2060 Anton.
1715 2017 1760 2072 7,

179 2079 241 2125 38
271 2086 314 2124 et
341 2095 401 2125 xs
437 2081 462 2125 1
501 2083 668 2127 omisso
699 2075 854 2141 χρεών
893 2083 1005 2128 idem
1036 2084 1124 2140 11,
1154 2084 1199 2129 6.
1250 2098 1349 2128 eum
1374 2099 1436 2129 v.s
1469 2084 1494 2129 1
1522 2084 1580 2159 Cs;
1606 2099 1761 2130 versus

177 2148 475 2208 interpolatus
510 2151 613 2197 Eur.
649 2152 806 2198 Bacch.
850 2152 975 2198 673:
1025 2153 1122 2206 τοῖς
1159 2167 1250 2212 γαρ
1287 2149 1492 2208 δικαίοις
1527 2146 1634 2213 οὐχὶ
1669 2155 1762 2199 θυ-

175 2215 393 2276 μοῦσθαι
421 2215 591 2280 χρεών.

914 2314 1018 2366 5290

346 2397 499 2455 δόλοι
532 2401 590 2456 δὲ
622 2403 711 2456 καὶ
742 2403 991 2459 σκοτεινὰ
1021 2402 1377 2476 μηχανήματα

342 2490 526 2555 χρείας
557 2482 837 2558 ἀνάνδρου
866 2485 1099 2559 φάρμαχ’
1135 2486 1355 2559 εὕρηται
1387 2494 1618 2561 βροτοῖς.

277 2578 402 2626 Stob.
430 2581 550 2626 Flor.
579 2581 628 2640 8,
660 2582 705 2629 1.
754 2597 818 2628 vs.
849 2582 877 2627 2
905 2581 1065 2643 χρείας
1091 2594 1363 2646 suspectum.

913 2731 1012 2783 291

342 2823 494 2889 νείκη
527 2818 626 2889 γὰρ
658 2816 879 2890 ἀνδρῶν
910 2819 1076 2891 φόνια
1108 2824 1197 2877 καὶ
1227 2820 1398 2894 μάχας
1430 2818 1605 2894 χρεων
