2077 3139
838 124 1051 172 ΦοΙΝΙΞ
1502 160 1504 162 -
1636 125 1737 179 227

157 269 235 346 τῷ
251 259 371 331 πρὸς
396 259 482 315 τόν
505 264 698 346 πατέρα
712 265 943 349 διαβολῆς
968 261 1358 348 ἀπολογούμενος
1383 264 1465 314 καὶ
1489 259 1738 324 ἀπεθίζων

156 318 268 395 τοὺς
300 332 602 414 οἷνθρωπους
634 353 700 400 μη
743 334 789 395 ἐξ
821 329 1041 399 ὑποψίας
1065 330 1178 400 μηδ’
1218 336 1270 385 ἐκ
1297 337 1526 419 διαβολῆς
1550 331 1653 384 ἀλλ’
1685 335 1738 384 ἐκ

157 408 244 454 τοῦ
269 408 380 470 βίου
405 400 488 465 τὰς
510 407 699 485 κρίσεις
713 410 980 456 ποιεῖσθαι.
1029 403 1155 468 ε’ἤδη
1184 406 1234 456 δὲ
1256 435 1326 443 —-
1351 402 1518 468 ηδεται
1543 401 1737 466 ξυνών’.

157 479 186 538 S
215 481 336 527 153:
371 475 622 537 σκέψασθε
658 469 699 522 6
744 472 781 524 ῶ
811 469 1072 538 Ἀθηναῖοι
1098 471 1181 534 τὰς
1214 473 1406 541 γνώμας
1431 497 1489 534 ας
1523 470 1736 537 ἀποφαί-

157 563 289 593 νεται
323 543 349 594 ὁ
384 563 597 609 ποιητης,
647 541 742 607 ἤδη
769 544 819 594 δὲ
852 546 1042 594 πολλῶν
1066 542 1359 610 πραγμάτων
1395 544 1513 609 φησὶ
1538 548 1738 610 γεγενῆ-

157 620 277 663 σθαι
311 613 507 680 κριτής,
547 612 704 679 ὥσπερ
744 616 837 662 νῦν
872 609 1010 698 υμεῑς
1043 615 1283 665 δικασταί·
1325 615 1407 664 καὶ
1442 634 1526 674 τας
1560 617 1739 701 κρίσεις

157 681 246 733 οὐκ
272 684 325 733 ἐκ
350 686 447 733 τῶν
471 686 766 748 μαρτυριῶν,
792 679 889 733 ἀλλ’
918 685 970 734 ἐκ
995 687 1092 734 τῶν
1119 682 1506 751 ἐπιτηδευμάτων
1532 686 1614 733 καὶ
1641 689 1738 733 τῶν

156 749 359 817 ὁμιλιῶν
383 754 501 817 φησὶ
527 759 805 836 ποιεῖσθαι,
843 753 991 803 ἐκεῖσε
1024 749 1340 835 αποβλέπων,
1375 757 1478 814 πῶς
1502 748 1586 804 τὸν
1622 748 1732 803 καθ’

155 821 339 888 ἡμέραν
363 827 471 889 βίον
498 818 600 893 ζῇ
579 843 604 872 ο
602 821 918 906 κρινόμενος
944 824 1025 873 καὶ
1052 820 1223 876 ὅντινα
1244 825 1426 889 τρόπον
1453 826 1632 874 διοικεῖ
1650 819 1738 888 τὴν

158 893 331 943 ἑαυτοῦ
357 894 541 956 οἰκίαν,
583 887 646 953 ὡς
671 895 1015 960 παραπλησίως
1049 889 1198 944 αὐτὸν
1224 896 1306 944 καὶ
1339 893 1398 946 τά
1432 897 1518 956 τῆς
1551 892 1738 953 πόλεως

159 961 489 1045 διοικήσοντα,
527 983 608 1012 και
636 967 730 1013 τίσι
755 965 908 1029 χαίρει
932 960 1235 1046 πλησιαζων·
1272 965 1353 1014 καὶ
1380 967 1613 1014 τελευτῶν
1647 960 1738 1013 οὐκ

159 1029 376 1096 ὤκνησεν
410 1028 766 1096 ἀποφήνασθαι
790 1038 1010 1083 τοιοῦτον
1044 1028 1192 1084 αὐτὸν
1219 1032 1344 1086 εἶναι
1378 1032 1546 1099 οἷσπερ
1572 1030 1738 1097 ἥδεται

157 1101 330 1164 ξυνών.
388 1108 480 1154 1011.
517 1110 710 1154 Damaso.
747 1115 852 1182 post
887 1109 1013 1155 Stoh.
1040 1110 1130 1155 Ecl.
1168 1125 1212 1170 p.
1241 1111 1366 1168 698,
1406 1111 1492 1156 16;
1530 1102 1737 1167 Εὐριπί-

157 1176 258 1222 ὸου.
308 1170 428 1237 (ἤδη
458 1171 508 1222 δὲ
534 1202 596 1209 -
625 1169 925 1254 ίμερεύεται’
965 1179 1045 1237 (vs.
1077 1179 1244 1238 1—6),
1271 1180 1346 1225 ubi
1374 1194 1485 1238 quae
1512 1179 1738 1224 subiciun-

156 1255 232 1292 tur
257 1242 339 1291 καὶ
364 1243 488 1291 τῶδε
514 1236 769 1307 δηλώσαιμ’
799 1263 860 1291 αν
887 1243 984 1295 κτὲ.
1036 1250 1312 1309 seiungenda
1338 1264 1436 1294 esse
1464 1250 1570 1293 vidit
1595 1251 1736 1294 Boiss.

155 1331 219 1363 vs.
250 1319 344 1363 7—
354 1317 381 1363 9
419 1317 583 1362 habent
615 1319 840 1363 Demosth.
876 1318 924 1363 F.
951 1320 1056 1378 Leg.
1095 1319 1249 1376 §245
1286 1319 1434 1378 (Greg.
1474 1319 1574 1364 Cor.
1607 1320 1735 1366 Rhet.

155 1387 242 1431 v.ol
273 1388 297 1432 7
326 1402 368 1447 p.
394 1384 547 1449 1322)
577 1394 620 1431 et
646 1388 738 1432 ioh.
767 1389 885 1433 Dam.
904 1396 1023 1463 post
1037 1389 1160 1433 Stob.
1186 1389 1274 1434 Ecl.
1301 1404 1343 1449 p.
1367 1389 1483 1447 706,
1511 1388 1556 1434 3.
1586 1388 1734 1433 Schol.

155 1457 380 1501 Demosth.
418 1472 460 1516 p.
489 1456 598 1502 94a
633 1456 721 1503 23:
758 1448 886 1511 ὅστις
921 1446 963 1501 6'
1004 1446 1212 1516 ὁμιλῶν·
1248 1450 1419 1518 γνῶιιη
1454 1450 1736 1517 Εὐριπίδου

156 1519 207 1569 ἐκ
236 1522 503 1583 Φοινίσσης
530 1522 579 1587 (i.
610 1540 646 1571 e.
678 1523 954 1588 Φοίνικος).
1004 1528 1169 1573 Anecd.
1196 1528 1332 1573 Oxou.
1361 1528 1446 1573 vol.
1473 1528 1503 1572 4
1543 1541 1586 1586 p.
1618 1527 1735 1583 144,

156 1597 218 1642 31
257 1595 364 1654 (sive
399 1595 609 1640 Maximus
643 1596 862 1642 Planudes
899 1597 1025 1643 Rhet.
1071 1597 1158 1643 vol.
1197 1598 1225 1643 5
1261 1612 1306 1657 p.
1343 1594 1485 1657 572):
1523 1590 1653 1651 ὅστις
1687 1589 1731 1640 6’

152 1659 334 1725 ὁμιλῶν
367 1660 565 1725 ἥδεται·
604 1663 744 1709 τοῦτο
780 1664 868 1710 τοῦ
908 1657 1179 1727 Θεόγνιδος.
1231 1668 1375 1711 Tzetz.
1403 1669 1567 1713 Anecd.
1595 1667 1734 1714 Oxon.

154 1736 240 1781 vol.
265 1735 298 1780 4
332 1750 376 1796 p.
409 1735 531 1793 145,
559 1734 614 1779 2:
650 1727 955 1793 Μενάνδρου
983 1735 1120 1780 τοῦτο
1158 1731 1374 1795 πέφυκεν
1401 1731 1453 1780 ἐκ
1495 1728 1735 1794 δράματος

156 1801 392 1861 Πλοκίου,
419 1796 476 1848 οὗ
509 1798 781 1864 Θεόγνιδος.
830 1821 891 1851 ν3.
916 1806 1047 1852 7—9
1076 1806 1267 1851 afferunt
1293 1807 1510 1852 Diodorus
1537 1808 1624 1853 Sic.
1654 1808 1734 1864 12,

157 1875 221 1920 14
257 1875 466 1935 Hermog.
485 1875 610 1921 Rhet.
639 1875 725 1920 vol.
749 1877 773 1920 1
804 1891 844 1935 p.
861 1875 924 1920 25
963 1877 1212 1936 Doxopater
1236 1877 1365 1921 Rhet.
1391 1876 1479 1922 vol.
1499 1877 1526 1921 2
1553 1892 1596 1937 p.
1619 1876 1736 1923 288.

153 1945 211 1992 cf.
251 1945 473 1991 Demosth.
507 1944 557 1990 F.
582 1945 690 2005 Leg.
718 1946 746 2003 S
785 1945 882 1990 245
923 1945 1305 2006 (He1·mog.Rhet.
1338 1946 1423 1991 vol.
1454 1946 1482 1992 3
1520 1962 1563 2007 p
1592 1946 1733 2006 437):

152 2008 279 2069 ὅστις
307 2005 350 2058 6'
388 2006 573 2072 ὁμιλῶν
605 2009 772 2074 ἥδεται
807 2010 891 2059 καὶ
924 2013 1074 2060 ταῦτα
1109 2029 1198 2097 πρε
1179 2007 1388 2075 εσβεύων
1426 2009 1735 2080 Φιλοκρατει,

153 2078 211 2130 οὗ
236 2075 424 2130 πώποτ’
461 2075 688 2144 ηρώτησα
719 2079 1005 2146 γιγνώσκων
1031 2076 1104 2129 ὅτι
1139 2078 1374 2146 αργύριον
1401 2076 1563 2145 ει”ληφ
1594 2080 1735 2140 οὗτος

153 2144 309 2236 ὥσπερ
339 2145 644 2234 Φιλοκρατης
671 2145 695 2199 6
711 2148 1249 2232 ὁμολογῶν.1ιίὶ)ειῐ]ἰο3
1275 2155 1415 2215 Epist.
1441 2156 1568 2202 430:
1605 2146 1735 2208 ὅστις

151 2218 244 2286 γὰρ
281 2216 464 2284 ὁμιλῶν
502 2215 611 2269 κατ’
648 2214 928 2304 Ευριπίδην
962 2216 1125 2300 ἥδεται
1153 2223 1421 2302 ,Θεμιστίοῃ
1459 2216 1517 2269 οὐ
1551 2213 1730 2270 πώποτ’

152 2287 374 2356 ἠρωτησα
399 2289 685 2355 γιγνώσκων
720 2289 794 2339 ὅτι
819 2293 905 2339 τοῦ
932 2293 1019 2353 ζῆν
1057 2310 1119 2348 ως
1144 2286 1316 2352 ἄριστα
1339 2296 1548 2339 ποιεῖται
1576 2287 1734 2356 λόγον.

155 2365 284 2411 verba
320 2357 607 2424 γιγνώσκων
630 2389 700 2397 -
724 2357 882 2421 ξυνων
917 2365 995 2423 (vs.
1034 2365 1063 2410 8
1091 2361 1183 2425 sq.)
1220 2365 1352 2410 habet
1386 2365 1556 2410 Plinius
1595 2366 1733 2426 Epist.

153 2435 210 2493 4,
238 2434 327 2491 27,
358 2435 400 2481 6.
453 2436 558 2480 item
585 2449 648 2479 vs.
676 2434 704 2480 9
740 2435 964 2494 Aphthon.
1004 2435 1130 2479 Rhet.
1174 2435 1258 2479 vol.
1292 2435 1317 2479 1
1353 2449 1396 2494 p.
1426 2436 1488 2482 67
1527 2437 1734 2495 anonymi

153 2505 279 2549 Rhet.
317 2505 400 2549 vol.
432 2505 458 2549 1
494 2519 539 2564 p.
570 2504 669 2550 130
702 2504 787 2552 vol
817 2505 845 2550 3
884 2520 927 2564 p.
958 2504 1056 2550 736
1090 2504 1262 2549 Manuel
1288 2504 1480 2551 Palaeol.
1515 2506 1664 2552 Praec.
1693 2520 1731 2550 c.

155 2574 216 2619 72
245 2588 288 2632 p.
320 2574 444 2630 100,
484 2575 730 2633 respiciunt
756 2574 987 2619 Choricius
1014 2573 1115 2618 Gaz.
1151 2588 1194 2633 p.
1224 2573 1322 2620 296
1351 2582 1395 2619 et
1421 2575 1543 2620 Eust.
1573 2575 1733 2649 Opusc.

152 2658 196 2702 p.
232 2643 357 2701 351,
396 2644 475 2690 10.
525 2658 587 2688 ν3.
620 2643 646 2687 1
683 2636 837 2703 λόγων
871 2633 1037 2700 κριτὴς
1071 2644 1338 2701 AeschineS,
1373 2634 1540 2703 κριτὴς
1576 2637 1733 2720 λόγων

152 2713 245 2756 loh.
273 2713 386 2756 Dam.
424 2729 487 2758 vs.
515 2713 544 2759 3
584 2707 718 2786 πέρι]
746 2707 876 2770 πάρα
907 2712 1139 2771 Reiskius,
1178 2706 1299 2771 ν’περ
1330 2713 1472 2758 Valck.
1525 2729 1587 2762 vs.
1617 2715 1646 2760 6
1672 2701 1729 2756 θ’

152 2795 239 2826 om.
282 2782 441 2828 Aesch.
485 2773 793 2842 ἐμπορεύεται
828 2784 1096 2841 Aeschines,
1142 2773 1411 2843 ἵμερεύεται
1456 2784 1549 2828 Ioh.
1595 2785 1731 2839 Dam„

151 2840 435 2912 ἡμερεύεται
463 2851 735 2898 Gaissordus.
786 2867 848 2898 vs.
877 2852 907 2899 8
945 2844 1175 2915 ἱστόρησα
1210 2852 1731 2899 He1uerdenus.vS.9

1317 2959 1401 3002 15*
