2077 3139
1230 65 1312 89 ...κῆ

356 139 460 193 256
960 141 1351 185 mcERTARvM

359 274 687 361 ὁλοκάρπωμα
712 299 806 346 γαρ
830 310 902 318 —-
928 274 953 329 ὅ
980 278 1189 346 Χριστός
1169 321 1214 343 ³,
1257 281 1340 330 καὶ
1366 280 1441 332 ότι
1467 276 1555 333 τὸν
1580 285 1772 346 σωτῆρα
1796 277 1948 335 αὐτὸν

355 369 448 400 ουκ
473 345 610 410 εἰδως
637 350 786 415 λέγει.
820 350 972 412 σαφὲς
997 348 1190 415 ποιήσει
1217 349 1410 416 ε’ποὶγων
1445 349 1534 402 σὺ
1559 373 1655 418 γαρ
1681 385 1736 391 -
1768 350 1946 419 ἆρχης’

356 424 436 483 (vs.
466 427 559 472 6-
507 424 636 486 -.8)
690 421 854 471 ἔπειτα
880 418 1107 485 α’ντικρυς
1135 421 1298 486 λέγει
1312 423 1510 487 πέμψον
1540 453 1597 460 -
1628 420 1945 474 ἆνοῖπαυλαν’

357 495 437 552 (vs.
467 495 669 553 9—13).
724 511 782 541 v.s
814 497 840 541 1
884 488 1033 554 χλόην
1068 497 1300 556 Bergkius.
1351 512 1415 544 vs.
1443 497 1472 542 2
1511 486 1614 542 εἴθ
1649 489 1822 557 Ἀιδης
1847 500 1947 545 nin·

355 563 538 609 dorfius.
591 581 656 610 vs.
687 566 714 610 7
753 564 1459 624 μεταχειρίζειςΗετςνεεόοηυε.
1509 583 1572 612 v.s
1599 568 1628 614 8
1669 561 1711 611 δ’
1743 571 1860 627 cod.
1887 561 1939 614 θ

355 634 634 711 Sylburgius.
709 651 771 680 vs.
806 637 834 682 9
879 626 922 678 ὁ
960 631 1013 680 ἐκ
1048 638 1235 696 scripsi,
1273 633 1362 694 μὲν
1402 638 1497 683 cod.
1551 632 1727 696 ἐνέρων
1766 641 1944 700 scripsi,

351 691 539 763 ἆνέρων
565 706 663 750 eod.
717 706 1002 752 Cretensibus
1035 707 1181 752 locum
1211 708 1425 753 ·idseribit
1451 708 1597 754 Valck.

1103 842 1205 894 905

518 953 576 995 ος
606 929 737 986 τάδε
769 929 1019 988 λεύσσων
1050 930 1187 988 θεὸν
1219 929 1341 1003 οὐχὶ
1374 946 1509 1004 νοεῖ,

517 1014 937 1114 μετεωρολβγων
970 1013 1014 1070 δ’
1052 1015 1176 1080 ἑκὰς
1209 1021 1430 1085 ἔρριψεν

519 1097 737 1164 σκολιὰς
770 1095 997 1170 dudm&
1033 1123 1109 1156 ων
1140 1096 1314 1171 ἀτηρὰ

517 1180 724 1251 γλώσσ’
761 1189 1035 1253 εἰκοβολεῖ
1062 1185 1187 1252 περὶ
1220 1187 1330 1239 τῶν
1361 1182 1595 1255 ἀφανῶν

517 1263 684 1323 οὐδὲν
712 1267 931 1339 γνώιιης
962 1270 1259 1340 μετέχουσα
1665 1286 1692 1326 5

455 1363 656 1409 Clemens
683 1365 804 1410 Alex.
835 1366 996 1411 Slrom
1026 1367 1059 1409 Υ
1085 1380 1128 1446 p.
1157 1366 1279 1412 732:
1307 1354 1331 1410 ὁ
1360 1362 1526 1410 τοίνυν
1551 1356 1618 1425 μὴ
1647 1358 1940 1424 πειθόμενος

347 1431 406 1496 τῇ
431 1420 658 1513 ἀληθείᾳ,
681 1430 969 1481 διδασκαλία
996 1427 1098 1480 δὲ’
1070 1453 1132 1480 αι
1138 1432 1366 1504 θρωπίνῃ
1391 1451 1667 1496 τετυφωιιει
1671 1450 1723 1492 ος
1749 1432 1940 1481 δυσδαί-

347 1518 449 1561 μων
483 1496 663 1559 α’θλιός
699 1520 746 1549 τε
771 1501 854 1550 καὶ
891 1497 1013 1550 κατὰ
1048 1501 1131 1551 τὸν
1158 1497 1485 1567 Εὖριπιηὸην
1501 1499 1554 1561 ὃς
1579 1499 1691 1551 τάδε
1728 1498 1938 1551 λεύσσων

350 1598 413 1605 —-
449 1569 754 1632 μετέχουσα’.
819 1591 881 1620 v.s
921 1575 949 1650 2
995 1570 1368 1633 μετεωροπόλων
1405 1577 1568 1623 malim.
1631 1577 1684 1623 cs.
1724 1577 1936 1637 Hesyxcli

344 1658 373 1701 μ
361 1639 741 1703 ετεωροπόλων·
769 1645 865 1690 τῶν
891 1637 949 1690 τοὶ
979 1635 1187 1707 ουρεὲνια
1213 1640 1547 1693 σκοπούντων.

510 1869 680 1926 κακὸν
711 1883 947 1942 γυναῖκα
978 1869 1113 1942 πρὸς
1144 1874 1272 1927 νέον
1302 1873 1479 1939 ζεῦξαι
1512 1873 1668 1927 νέαν·

509 1948 540 2007 ὂ
569 1954 670 2024 μὲν
701 1952 803 2025 γὰρ
835 1952 1000 2026 ἄλλης
1032 1958 1257 2025 λέκτρον
1291 1960 1485 2026 ἶμείρει
1517 1962 1728 2027 λαβεῖν,

509 2060 541 2106 η
578 2034 630 2092 δ’
668 2038 858 2109 ἐνδεὴς
887 2037 1040 2094 τοῦδ’
1078 2060 1219 2096 ουσα
1250 2038 1507 2109 βουλεύει
1538 2063 1691 2094 κακα.

445 2132 646 2179 Clemens
673 2136 794 2181 Alex
824 2136 989 2182 Strom.
1019 2137 1069 2181 ΥΙ
1084 2152 1136 2211 p.
1169 2138 1287 2184 740:
1314 2127 1613 2197 Επιχοῖραου
1639 2151 1686 2180 τε
1713 2130 1930 2192 εἰπόντος

344 2226 401 2236 -
427 2192 697 2263 Ευριπίὸης
729 2221 908 2265 γραφει
945 2196 1130 2251 (κακὸν
1163 2208 1374 2268 γυναῖκα
1403 2233 1463 2240 -
1502 2197 1722 2268 βουλεύει
1757 2198 1911 2251 κακά’

338 2287 400 2316 νε.
443 2274 468 2318 1
507 2277 695 2320 recurrit
733 2278 778 2321 in
812 2277 914 2322 Eur.
954 2277 1006 2322 sr.
1046 2277 1126 2323 24.
1193 2276 1392 2322 Clemens
1426 2278 1552 2322 locos
1588 2277 1789 2323 diversos
1822 2291 1930 2324 con·

339 2342 508 2389 fudisse
536 2345 719 2390 videtur.

1085 2425 1187 2479 907

502 2516 629 2586 νικᾷ
662 2513 720 2568 ὁε
752 2521 904 2585 χρεία
935 2512 984 2586 μ’
1018 2511 1050 2586 ἡ
1083 2539 1259 2581 κακῶς
1290 2512 1330 2571 τ’
1363 2512 1635 2588 ὀλουμένη

502 2595 726 2667 γαστήρ,
759 2594 849 2668 αφ’
886 2599 948 2669 ἧς
983 2600 1049 2670 δὴ
1079 2623 1257 2656 παντα
1287 2607 1530 2671 γίγνεται
1562 2596 1714 2655 κακά.

440 2692 639 2738 Clemens
667 2695 784 2739 Alex.
815 2695 1059 2767 Str9n1.Vl
1096 2712 1138 2756 p.
1171 2697 1295 2744 743.
1339 2688 1459 2753 πρὸς
1492 2691 1678 2750 τούτοις
1707 2684 1925 2754 Ομηρου

336 2755 608 2820 λέγοντος
622 2760 830 2823 γαστέρα
864 2754 906 2808 ὁ
941 2793 1002 2800 -
1032 2763 1260 2811 ὁίόωσιν’
1299 2766 1395 2826 (Od.
1431 2783 1486 2826 ρ.
1523 2765 1621 2812 286
1650 2765 1736 2825 sq.)
1772 2758 1923 2824 Εὐρι-

335 2827 478 2891 πίὸης
511 2834 648 2877 ποιεῖ
678 2832 824 2898 νικᾷ
860 2830 907 2879 δὲ
937 2860 1003 2868 -—
1038 2830 1193 2881 κακά’
1250 2838 1473 2910 Diphilus
1508 2835 1647 2895 (Com.
1686 2836 1772 2881 vol.
1809 2836 1841 2881 4
1874 2850 1922 2916 p.

333 2900 453 2960 402)
481 2916 549 2962 ap.
578 2903 676 2948 Ath.
713 2904 746 2949 X
772 2920 816 2965 p.
846 2905 946 2950 422
975 2906 1028 2951 B:
1067 2897 1123 2952 εὖ
1157 2898 1201 2967 γ’
1239 2897 1264 2951 ὁ
1302 2902 1602 2966 ιεατάχρυσος
1637 2896 1740 2951 εἷπε
1780 2892 1919 2950 πόλλ’
