2077 3139
770 121 1089 162 ΤΨΙΠΤΛΗ.
1610 119 1715 173 205

234 264 309 308 Ar.
337 264 443 309 Ran.
472 262 560 310 64:
598 250 675 324 ἀρ
717 257 992 308 ἐκδιδάσκω
1016 254 1066 307 τὸ
1097 260 1267 322 σαφές,
1293 253 1325 341 ’ἢ
1353 252 1488 343 ἑτέρα
1514 254 1712 323 φροῖσως

130 332 207 377 ubi
252 334 454 378 Scholia.
493 327 636 412 ἑτέρα
679 326 874 395 φράσω]
914 358 976 367 —-
1023 328 1122 379 ἔστι
1168 329 1219 379 δὲ
1258 325 1310 378 τὸ
1352 323 1623 415 ‘'WJO‘WsZ‘OV
1667 328 1715 390 ἐξ

124 390 405 461 Ὑψιπύλης
431 379 719 482 Εὐριπίδου.
769 403 954 448 Bothius
982 403 1033 448 ad
1059 406 1209 463 prima
1236 403 1364 449 verba
1399 394 1480 462 ἄρ’
1521 395 1713 448 ἐκδιδά-

127 482 231 515 σκω
254 463 305 516 τὸ
332 466 482 529 σαφές
507 473 620 516 hanc
646 473 982 517 annotationem
1012 473 1201 518 rettulit.

876 591 978 642 764

298 678 440 749 ἰδού,
472 676 607 777 πρὸς
636 676 827 783 αἰθέρ’
863 682 1210 751 ἐξαμίλλησαι
1241 681 1403 753 κόρας

295 760 568 836 γραπτούς
597 758 647 817 τ’
683 767 742 818 ἐν
772 761 976 819 ἀετοῑσι
1006 766 1358 836 πρόσβλεψον
1386 764 1608 830 τύπους.

233 859 422 904 Galenus
448 859 533 904 vol.
565 859 646 917 18,
676 861 700 903 1
739 874 782 919 p.
812 860 910 906 519
939 860 1044 918 (vol.
1074 861 1103 907 5
1141 877 1185 922 p.
1216 862 1312 908 615
1342 865 1408 908 ed.
1439 864 1587 922 Basil„
1625 863 1710 908 vol.

130 928 192 974 12
227 943 272 988 p.
302 929 400 976 376
439 928 605 986 Chart.)
642 929 695 973 de
735 943 772 972 ν.
809 921 999 987 ἆέτωιια
1033 932 1124 976 sive
1159 923 1298 985 ἀετός
1333 900 1591 994 disputans}
1630 927 1712 976 καὶ

125 990 405 1056 Εὐριπίδης
441 992 492 1041 ἐν
521 987 773 1061 Υψιπύλῃ
810 997 937 1057 φησί
969 994 1102 1044 ἰόου
1133 1026 1189 1033 -
1221 993 1446 1058 τύπουςῆ
1506 1018 1570 1048 vs.
1599 1002 1628 1048 2
1667 1018 1688 1047 τ

123 1068 271 1113 addidi
300 1074 343 1112 et
368 1058 676 1129 πρόσβλεπον
703 1069 748 1112 in
774 1063 986 1129 πρόσβλε
991 1077 1090 1127 ψον
1116 1074 1296 1116 mutaxi.

874 1189 975 1241 765

291 1275 528 1333 οἰνάνθα
558 1278 743 1349 τρέφει
773 1275 870 1332 τὸν
903 1277 1052 1351 ἱερὸν
1088 1277 1293 1351 βότρυν

229 1375 304 1418 Ar.
331 1374 438 1419 Ran.
478 1374 635 1420 1320:
672 1364 911 1428 οἰνάνθας
944 1368 1096 1436 γάνος
1133 1366 1360 1435 ἀμπέλου.
1427 1377 1499 1422 uhi
1537 1377 1709 1424 Schnh:

117 1456 254 1499 παρα
297 1437 351 1489 τὸ
390 1437 436 1498 ἐξ
469 1433 771 1501 Υψιπύλης
783 1433 1062 1503 Εὐριπίδου
1106 1440 1349 1490 οἰνάνθα
1382 1472 1451 1479 --
1484 1439 1709 1506 βότρυν’.

124 1512 180 1558 cs.
209 1513 390 1558 Tzetzes
423 1515 469 1557 in
497 1516 568 1558 Ar.
596 1513 703 1558 Ran.
735 1513 869 1560 1320
908 1514 1092 1571 (Rham.
1119 1517 1243 1561 Mus.
1271 1517 1331 1562 N.
1360 1519 1414 1562 F.
1444 1518 1494 1561 Vl
1529 1532 1575 1577 p
1610 1518 1707 1564 617

123 1585 214 1627 sive
239 1583 440 1642 Append.
463 1582 565 1628 Lex.
594 1582 780 1629 Vindob.
805 1599 848 1643 p.
873 1583 990 1643 251,
1020 1586 1082 1643 7).
1133 1586 1339 1631 Weleker
1364 1587 1558 1632 conferri
1585 1587 1709 1632 iubet

122 1652 373 1697 Anth.Pa1.
402 1652 576 1708 3,10:
613 1653 786 1713 φαῖνε,
818 1649 973 1711 Θόαν,
1014 1648 1227 1714 Βακχοιο
1263 1648 1421 1712 φυτὸν
1454 1649 1584 1700 τόδε·
1622 1671 1709 1715 μα-

121 1717 237 1780 τέρα
271 1713 364 1781 γὰρ
399 1733 491 1766 σαν
526 1714 650 1784 ῥύσῃ
681 1719 766 1765 τοῦ
802 1717 1024 1768 θανάτου
1068 1720 1248 1769 οἰκέτιν
1275 1718 1556 1784 Ὺψιπύλαν
1590 1722 1688 1773 κτὲ.
1677 1761 1707 1784 .,

122 1792 194 1837 cui
221 1791 528 1851 epigrammati
564 1793 674 1836 haec
708 1795 1081 1851 praemittuntur.
1123 1790 1173 1838 ἐν
1217 1790 1267 1840 δὲ
1303 1795 1374 1874 τῷ
1407 1811 1530 1840 κατα
1568 1787 1708 1858 δύσιν

115 1859 314 1940 πλευρῷ
341 1885 403 1892 -
427 1853 619 1925 Εὔνεως
651 1859 978 1922 γεγλυμμένος
1013 1859 1095 1907 καὶ
1137 1856 1292 1922 Θόας,
1328 1880 1414 1920 ους
1449 1860 1707 1926 ἐγέννησεν

115 1922 379 1988 Τψιπύλη,
417 1917 854 1991 αναγνωριζόμενοι
880 1930 939 2007 τῇ
970 1928 1115 1993 μητρὶ
1149 1930 1230 1978 καὶ
1268 1924 1357 1993 τὴν
1392 1934 1576 1995 χρυσῆν
1610 1933 1706 1981 δει-

121 1992 322 2055 κνύντες
347 1993 576 2059 α’μπελον,
604 1993 719 2081 ὅπερ
746 2017 809 2060 ην
835 1991 999 2057 αυτοῖς
1024 2008 1112 2049 τοῦ
1136 1999 1304 2063 γένους
1330 1998 1516 2065 συμβολ
1522 2018 1595 2066 ον,
1624 2001 1706 2050 καὶ

121 2060 349 2131 ρ”υόμενοι
374 2061 536 2129 αὐτὴν
562 2060 643 2116 δια
667 2067 754 2116 τὸν
787 2061 1076 2135 Ἀρχεμόρου
1100 2068 1321 2120 θάνατον
1347 2073 1432 2135 τῆς
1457 2067 1571 2135 παρ’
1601 2067 1705 2122 Ευ-

121 2136 322 2200 ρυὸίκης
346 2138 588 2200 τιμωρίας.
1440 2190 1475 2222 .

868 2221 968 2273 766

287 2289 597 2366 ἆναδρομαί

226 2388 437 2450 Ηθεγ611.,
463 2391 560 2437 vide
586 2391 640 2438 fr.
670 2391 785 2440 850.

866 2485 965 2537 767

285 2552 479 2627 ἄρκτος

221 2651 431 2713 Harpocr.
466 2670 505 2700 v.
543 2645 799 2736 αρκτεῦσαι
834 2658 1009 2718 ρ.34,
1049 2661 1135 2706 17:
1180 2651 1252 2707 ότι
1297 2656 1349 2709 δὲ
1387 2660 1445 2707 αἱ
1469 2654 1699 2718 ἆρκτευο·

117 2733 260 2777 μεναι
292 2719 532 2782 παρθένοι
574 2718 741 2786 ἄρκτοι
786 2726 1072 2787 καλοῦνται,
1119 2723 1394 2792 Ευριπίδης
1431 2726 1699 2795 Ὑψιπύλῃ,

106 2780 469 2851 Ἀριστοφάνης
505 2793 757 2856 Λημνίαις
793 2792 875 2841 καὶ
896 2794 1238 2873 Λυσιστρατῃ.
1301 2803 1508 2849 similiter
1533 2803 1698 2850 Anecd.

116 2859 250 2905 Bekk.
277 2876 321 2922 p.
349 2862 470 2922 444,
497 2864 560 2912 32
590 2866 779 2912 etSuid.
809 2883 849 2914 v.
879 2855 1153 2929 αρκτεῦσαι.
