2077 3139
812 117 1041 167 ΦΡΙΞΟΣ
1622 115 1725 168 233

308 273 357 324 εἰ
396 265 532 333 Ζεύς
561 261 591 323 ὃ
624 268 826 342 λῶστος
856 266 1028 338 μηδὲν
1059 268 1279 320 ἔνδικον
1309 274 1529 335 φρονεῖς

242 364 440 410 lustinus
454 364 618 425 Martyr
631 364 683 408 de
701 363 955 408 monarchia
971 377 1009 408 c.
1023 361 1075 407 5:
1104 355 1154 404 ἐν
1172 358 1335 425 Φρίξῳ
1357 350 1381 405 ὁ
1402 351 1629 421 τραγικός
1655 356 1670 379 ⁹
1685 353 1728 401 εἰ

138 424 186 478 δ’
215 459 282 465 -
307 435 521 497 φρονεῐ.’
561 448 625 479 vs.
655 433 683 478 2
713 428 951 493 ἔπρασσεν
979 432 1176 477 Grotius.

305 663 387 723 τίς
418 654 468 713 δ’
505 655 658 712 οἶδεν
689 661 738 711 εἰ
766 658 861 726 ζῆν
889 653 1047 710 τοῦθ’
1084 651 1115 710 ὃ
1145 655 1397 724 κέκληται
1437 662 1654 721 θανεῖν,

306 739 365 796 τὸ
399 743 495 811 ζῆν
526 740 587 795 δὲ
616 738 887 808 θνήσκειν
919 740 1059 806 ἐστί;
1091 736 1235 808 πλὴν
1265 736 1409 809 ὅμως
1439 741 1653 809 βροτῶν

306 824 569 880 νοσοῦσιν
599 827 655 878 οἱ
681 825 992 893 βλέποντες,
1024 825 1078 878 οἱ
1108 818 1158 877 δ’
1193 818 1455 886 ὀλωλότες

307 904 474 964 οὐδὲν
504 911 764 963 νοσοῦσιν
795 904 924 962 οὐδὲ
955 907 1240 977 κέκτηνται
1271 902 1423 960 κακά.

242 1003 370 1050 Stob.
398 1004 519 1051 Flor.
548 1004 664 1061 120,
695 1004 773 1050 18.
823 1019 887 1048 vs.
917 1003 946 1047 2
973 994 1102 1061 πλὴν
1128 993 1258 1062 ὅμως
1282 1001 1414 1047 verba
1441 1008 1666 1062 corrupta.

882 1095 981 1147 831

310 1187 399 1240 καὶ
430 1186 533 1255 γὰρ
564 1186 776 1255 πέφυκε
806 1183 952 1240 τοῦτ’
991 1187 1049 1239 ἐν
1078 1181 1381 1256 ἀνθρώπου
1411 1181 1599 1254 φύσει·

312 1264 378 1340 ἦν
412 1271 502 1324 καὶ
533 1273 659 1340 δίκῃ
690 1266 908 1341 θνήσκῃ
939 1292 1048 1339 τις,
1080 1267 1180 1340 οὐχ
1208 1259 1381 1338 ἧσσον
1411 1274 1580 1322 ποθεῖ

310 1355 413 1418 πᾶς
443 1376 522 1417 τις
559 1349 821 1424 δακρύειν
853 1349 978 1417 τούς
1009 1350 1382 1424 προσήκοντας
1416 1356 1629 1422 φίλους.

248 1449 373 1495 Stob.
400 1450 519 1495 Fl'or.
551 1449 666 1506 122,
696 1441 750 1495 9.

882 1557 985 1609 832

311 1641 457 1710 ὅστις
491 1646 549 1702 δὲ
579 1649 802 1717 θνητῶν
832 1654 1003 1701 οἰέται
1033 1643 1195 1716 τούφ’
1232 1644 1425 1717 ἡμέραι

309 1728 478 1785 κακόν
508 1754 558 1785 τι
589 1728 852 1801 πράσσων
881 1728 1006 1794 τούς
1036 1729 1207 1794 θεούς
1239 1730 1551 1800 λεληθέναι,

312 1817 465 1869 δοκεῖ
494 1835 708 1884 πονηρα
739 1816 830 1869 καὶ
863 1817 1041 1869 δοκῶν
1072 1806 1367 1883 ἁλίσκεται,

311 1919 444 1952 οταν
475 1895 676 1968 σχολὴν
706 1894 915 1968 ἄγουσα
945 1919 1187 1969 τυγχανῃ
1218 1904 1383 1968 Δίκη,

309 1986 575 2052 τιμωρίαν
606 1987 781 2037 ε’τισεν
813 1982 890 2036 ῶν
920 1973 1082 2052 ἦρξεν
1113 1984 1309 2036 κακῶν.
1620 1995 1647 2038 5

249 2077 371 2122 stol).
400 2078 489 2123 Ecl.
522 2079 568 2133 1,
597 2078 643 2131 3,
674 2077 736 2123 15
764 2093 809 2137 p.
841 2078 952 2124 110.
1003 2078 1230 2123 vs-1—4
1266 2079 1394 2123 affert
1420 2077 1578 2123 Sextus
1604 2077 1729 2137 Emp.

143 2161 186 2206 p.
218 2146 343 2205 661,
372 2147 435 2193 25
464 2155 508 2192 et
534 2163 576 2208 p.
609 2148 737 2204 665,
767 2147 848 2194 23.
901 2148 959 2193 cf.
985 2148 1181 2193 Iustinus
1207 2149 1372 2207 Martyr
1398 2148 1451 2192 de
1477 2149 1732 2192 monarchia

146 2231 183 2261 c.
206 2216 259 2262 3:
287 2211 369 2259 καὶ
395 2208 695 2274 Ευριπίδης·
721 2208 951 2274 ἄφθονον
971 2215 1084 2276 βίου
1110 2215 1264 2276 μῆκος
1291 2213 1457 2261 δίδωσι
1483 2206 1604 2276 πρὸς
1630 2215 1732 2274 κρί·

144 2298 240 2330 σιν.
292 2277 450 2340 εόστις
485 2281 537 2331 δὲ
563 2312 630 2319 -
660 2283 817 2344 Δίκη’
855 2287 934 2345 (vs.
968 2287 1277 2344 1—4).u1›i
1316 2301 1428 2347 quae
1463 2286 1733 2346 praecedunt

144 2355 278 2400 verba
312 2347 543 2413 ἄφθονον
565 2382 635 2389 -
665 2354 852 2413 κρίσιν,
890 2371 980 2402 non
1015 2359 1155 2417 magis
1190 2357 1426 2417 Euripidea
1463 2363 1567 2401 sunt
1603 2368 1733 2416 quam

147 2426 223 2484 qui
249 2426 464 2471 continuo
493 2433 743 2486 sequuntur
767 2441 921 2472 versus
949 2427 1017 2471 hi:

398 2498 560 2568 ὁρᾶθ’,
587 2501 692 2553 ὅσοι
717 2499 913 2568 νομίζετ’
942 2499 1034 2554 οὐκ
1059 2500 1186 2554 εἶναι
1211 2500 1348 2568 θεόν,

396 2573 519 2633 ὂὶς’
497 2571 902 2638 εξαμαρτοῖνοντες
927 2573 1018 2623 οὐκ
1045 2571 1388 2640 εὐγνωμόνως·

399 2644 530 2693 ἔστιν
555 2664 648 2708 γαρ
676 2644 818 2695 ἔστιν.
871 2644 914 2692 εἰ
939 2645 989 2693 δέ
1014 2665 1085 2704 τις
1109 2643 1313 2706 πράσσει
1339 2647 1494 2703 καλῶς

400 2707 587 2773 κακὸς
574 2733 825 2777 πεφυκως,
851 2707 936 2762 τὸν
960 2713 1140 2779 χρόνον
1165 2715 1482 2776 κερὸαινέτω·

398 2782 557 2853 χρόνῳ
583 2804 676 2849 γαρ
703 2787 846 2842 οὗτος
871 2781 1076 2848 ν’στερον
1104 2780 1241 2834 δώσει
1268 2786 1426 2847 δίκην.

147 2871 193 2915 in
243 2871 406 2931 quibus
457 2872 604 2918 Iudaei
653 2872 723 2917 vel
773 2871 1011 2918 Christiani
1060 2873 1253 2918 hominis
1303 2872 1504 2918 fraudem
1554 2874 1734 2933 agnovit
