<?xml version="1.0" encoding="UTF-8"?>
<!DOCTYPE html PUBLIC "-//W3C//DTD XHTML 1.0 Transitional//EN"
    "http://www.w3.org/TR/xhtml1/DTD/xhtml1-transitional.dtd">
<html xmlns="http://www.w3.org/1999/xhtml" xml:lang="en" lang="en">
 <head>
  <title>
</title>
<meta http-equiv="Content-Type" content="text/html;charset=utf-8" />
  <meta name='ocr-system' content='tesseract 3.04.00' />
  <meta name='ocr-capabilities' content='ocr_page ocr_carea ocr_par ocr_line ocrx_word'/>
</head>
<body>
  <div class='ocr_page' id='page_1' title='image "./euripidistragoe03euriuoft_0209.png"; bbox 0 0 2077 3139; ppageno 0'>
   <div class='ocr_carea' id='block_1_1' title="bbox 784 95 1747 147">
    <p class='ocr_par' dir='ltr' id='par_1_1' title="bbox 784 95 1747 147">
     <span class='ocr_line' id='line_1_1' title="bbox 784 95 1747 147; baseline 0.011 -11"><span class='ocrx_word' id='word_1_1' title='bbox 784 95 1132 137; x_wconf 78' lang='grc' dir='ltr'>ΣΘΕΝΕΒΟΙΑ</span> <span class='ocrx_word' id='word_1_2' title='bbox 1650 96 1747 147; x_wconf 84' lang='grc'><em>177</em></span> 
     </span>
    </p>
   </div>
   <div class='ocr_carea' id='block_1_2' title="bbox 160 226 1747 2811">
    <p class='ocr_par' dir='ltr' id='par_1_2' title="bbox 160 226 1747 2811">
     <span class='ocr_line' id='line_1_2' title="bbox 167 226 1747 319; baseline -0.002 -35"><span class='ocrx_word' id='word_1_3' title='bbox 167 230 556 295; x_wconf 85' lang='grc' dir='ltr'><em>Βελλεροφόντου</em></span> <span class='ocrx_word' id='word_1_4' title='bbox 593 229 646 281; x_wconf 87' lang='lat'><em>63</em></span> <span class='ocrx_word' id='word_1_5' title='bbox 650 227 936 312; x_wconf 78' lang='grc' dir='ltr'><em>φεύγοντος</em></span> <span class='ocrx_word' id='word_1_6' title='bbox 973 231 1027 281; x_wconf 81' lang='grc' dir='ltr'><em>ἐκ</em></span> <span class='ocrx_word' id='word_1_7' title='bbox 1055 233 1308 312; x_wconf 82' lang='grc' dir='ltr'><em>Κορίνθου</em></span> <span class='ocrx_word' id='word_1_8' title='bbox 1336 226 1416 281; x_wconf 76' lang='grc' dir='ltr'><em>διὰ</em></span> <span class='ocrx_word' id='word_1_9' title='bbox 1442 229 1621 319; x_wconf 83' lang='grc' dir='ltr'><em>φόνον.</em></span> <span class='ocrx_word' id='word_1_10' title='bbox 1658 228 1747 281; x_wconf 81' lang='grc' dir='ltr'><em>αὐ-</em></span> 
     </span>
     <span class='ocr_line' id='line_1_3' title="bbox 164 294 1746 384; baseline 0 -33"><span class='ocrx_word' id='word_1_11' title='bbox 164 298 250 351; x_wconf 81' lang='grc' dir='ltr'><em>τὸν</em></span> <span class='ocrx_word' id='word_1_12' title='bbox 275 303 363 366; x_wconf 83' lang='grc' dir='ltr'><em>μὲν</em></span> <span class='ocrx_word' id='word_1_13' title='bbox 389 300 556 384; x_wconf 82' lang='grc' dir='ltr'><em>ἥγνισε</em></span> <span class='ocrx_word' id='word_1_14' title='bbox 583 303 670 350; x_wconf 85' lang='grc' dir='ltr'><em>τοῦ</em></span> <span class='ocrx_word' id='word_1_15' title='bbox 695 298 905 364; x_wconf 80' lang='grc' dir='ltr'><em>μύσους,</em></span> <span class='ocrx_word' id='word_1_16' title='bbox 942 294 973 363; x_wconf 77' lang='grc' dir='ltr'>ἡ</span> <span class='ocrx_word' id='word_1_17' title='bbox 982 296 1126 383; x_wconf 76' lang='grc' dir='ltr'><em>γυνὴ</em></span> <span class='ocrx_word' id='word_1_18' title='bbox 1153 301 1204 352; x_wconf 90' lang='lat'><em>63</em></span> <span class='ocrx_word' id='word_1_19' title='bbox 1229 299 1379 352; x_wconf 81' lang='grc' dir='ltr'><em>αὐτοῦ</em></span> <span class='ocrx_word' id='word_1_20' title='bbox 1404 303 1492 353; x_wconf 86' lang='grc' dir='ltr'><em>τὸν</em></span> <span class='ocrx_word' id='word_1_21' title='bbox 1517 307 1746 362; x_wconf 84' lang='grc' dir='ltr'><em>Βελλερο-</em></span> 
     </span>
     <span class='ocr_line' id='line_1_4' title="bbox 164 366 1745 453; baseline 0 -33"><span class='ocrx_word' id='word_1_22' title='bbox 164 390 263 434; x_wconf 83' lang='grc' dir='ltr'><em>φοι</em></span> <span class='ocrx_word' id='word_1_23' title='bbox 267 392 355 435; x_wconf 90' lang='grc' dir='ltr'><em>την</em></span> <span class='ocrx_word' id='word_1_24' title='bbox 379 368 622 453; x_wconf 73' lang='grc' dir='ltr'><em>ἠγάπησε·</em></span> <span class='ocrx_word' id='word_1_25' title='bbox 673 375 834 434; x_wconf 84' lang='grc' dir='ltr'><em>τυχεῖν</em></span> <span class='ocrx_word' id='word_1_26' title='bbox 861 370 911 420; x_wconf 90' lang='lat'><em>63</em></span> <span class='ocrx_word' id='word_1_27' title='bbox 938 366 994 419; x_wconf 80' lang='grc' dir='ltr'><em>οὗ</em></span> <span class='ocrx_word' id='word_1_28' title='bbox 1022 372 1110 420; x_wconf 86' lang='grc' dir='ltr'><em>δυι</em></span> <span class='ocrx_word' id='word_1_29' title='bbox 1101 373 1268 451; x_wconf 88' lang='grc' dir='ltr'><em>αμένη</em></span> <span class='ocrx_word' id='word_1_30' title='bbox 1294 391 1378 421; x_wconf 86' lang='grc' dir='ltr'><em>του</em></span> <span class='ocrx_word' id='word_1_31' title='bbox 1407 372 1745 436; x_wconf 79' lang='grc' dir='ltr'><em>ἐπιθυμηθέν-</em></span> 
     </span>
     <span class='ocr_line' id='line_1_5' title="bbox 164 436 1747 522; baseline 0.001 -32"><span class='ocrx_word' id='word_1_32' title='bbox 164 460 244 501; x_wconf 83' lang='grc' dir='ltr'><em>τος</em></span> <span class='ocrx_word' id='word_1_33' title='bbox 259 442 499 522; x_wconf 78' lang='grc' dir='ltr'><em>διέβαλεν</em></span> <span class='ocrx_word' id='word_1_34' title='bbox 534 437 595 499; x_wconf 80' lang='grc' dir='ltr'><em>ὦς</em></span> <span class='ocrx_word' id='word_1_35' title='bbox 629 439 863 489; x_wconf 81' lang='grc' dir='ltr'><em>ἐπιθέντα</em></span> <span class='ocrx_word' id='word_1_36' title='bbox 897 440 1025 521; x_wconf 82' lang='grc' dir='ltr'><em>αὐτῇ</em></span> <span class='ocrx_word' id='word_1_37' title='bbox 1061 436 1146 489; x_wconf 83' lang='grc' dir='ltr'><em>τὸν</em></span> <span class='ocrx_word' id='word_1_38' title='bbox 1185 443 1472 505; x_wconf 81' lang='grc' dir='ltr'><em>Κορίνθιον.</em></span> <span class='ocrx_word' id='word_1_39' title='bbox 1523 442 1747 502; x_wconf 83' lang='grc' dir='ltr'><em>πεισθεὶς</em></span> 
     </span>
     <span class='ocr_line' id='line_1_6' title="bbox 163 503 1745 575; baseline 0.001 -16"><span class='ocrx_word' id='word_1_40' title='bbox 163 510 218 561; x_wconf 85' lang='grc' dir='ltr'><em>δὲ</em></span> <span class='ocrx_word' id='word_1_41' title='bbox 250 504 275 559; x_wconf 82' lang='grc' dir='ltr'>ὁ</span> <span class='ocrx_word' id='word_1_42' title='bbox 311 515 521 574; x_wconf 80' lang='grc' dir='ltr'><em>Προῖτος</em></span> <span class='ocrx_word' id='word_1_43' title='bbox 556 508 821 573; x_wconf 79' lang='grc' dir='ltr'><em>ἐξέπεμψεν</em></span> <span class='ocrx_word' id='word_1_44' title='bbox 853 503 1004 559; x_wconf 78' lang='grc' dir='ltr'><em>αὐτὸν</em></span> <span class='ocrx_word' id='word_1_45' title='bbox 1040 511 1104 570; x_wconf 79' lang='grc' dir='ltr'><em>εἰς</em></span> <span class='ocrx_word' id='word_1_46' title='bbox 1141 515 1330 573; x_wconf 87' lang='grc' dir='ltr'><em>Καρίαν</em></span> <span class='ocrx_word' id='word_1_47' title='bbox 1366 512 1452 560; x_wconf 80' lang='grc' dir='ltr'><em>ἵνα</em></span> <span class='ocrx_word' id='word_1_48' title='bbox 1484 504 1745 575; x_wconf 72' lang='grc' dir='ltr'><em>ἀπόληται,</em></span> 
     </span>
     <span class='ocr_line' id='line_1_7' title="bbox 164 575 1744 661; baseline 0.001 -32"><span class='ocrx_word' id='word_1_49' title='bbox 164 581 330 631; x_wconf 77' lang='grc' dir='ltr'><em>δέλτον</em></span> <span class='ocrx_word' id='word_1_50' title='bbox 356 576 452 630; x_wconf 89' lang='lat'><em>63</em></span> <span class='ocrx_word' id='word_1_51' title='bbox 431 578 495 643; x_wconf 78' lang='grc' dir='ltr'><em>η“ν</em></span> <span class='ocrx_word' id='word_1_52' title='bbox 519 578 752 661; x_wconf 75' lang='grc' dir='ltr'><em>ἐγεγράφε</em></span> <span class='ocrx_word' id='word_1_53' title='bbox 734 600 774 629; x_wconf 71' lang='grc' dir='ltr'><em>ει</em></span> <span class='ocrx_word' id='word_1_54' title='bbox 795 578 1009 628; x_wconf 79' lang='grc' dir='ltr'><em>ἐκέλευσε</em></span> <span class='ocrx_word' id='word_1_55' title='bbox 1015 599 1041 627; x_wconf 89' lang='grc' dir='ltr'><em>ν</em></span> <span class='ocrx_word' id='word_1_56' title='bbox 1066 575 1186 660; x_wconf 77' lang='grc' dir='ltr'><em>πρὸς</em></span> <span class='ocrx_word' id='word_1_57' title='bbox 1195 577 1414 646; x_wconf 72' lang='grc' dir='ltr'><em>Ἰοβάτην</em></span> <span class='ocrx_word' id='word_1_58' title='bbox 1436 583 1744 646; x_wconf 77' lang='grc' dir='ltr'><em>διακομίζειν.</em></span> 
     </span>
     <span class='ocr_line' id='line_1_8' title="bbox 165 644 1745 734; baseline 0.001 -35"><span class='ocrx_word' id='word_1_59' title='bbox 165 645 191 699; x_wconf 78' lang='grc' dir='ltr'><em>ὃ</em></span> <span class='ocrx_word' id='word_1_60' title='bbox 218 649 269 700; x_wconf 85' lang='grc' dir='ltr'><em>δὲ</em></span> <span class='ocrx_word' id='word_1_61' title='bbox 302 655 402 710; x_wconf 83' lang='grc' dir='ltr'><em>τοῖς</em></span> <span class='ocrx_word' id='word_1_62' title='bbox 437 668 710 715; x_wconf 73' lang='grc' dir='ltr'><em>γραμμασιν</em></span> <span class='ocrx_word' id='word_1_63' title='bbox 744 644 999 699; x_wconf 73' lang='grc' dir='ltr'><em>ἀκόλουθα</em></span> <span class='ocrx_word' id='word_1_64' title='bbox 1034 669 1258 713; x_wconf 87' lang='grc' dir='ltr'><em>πραττων</em></span> <span class='ocrx_word' id='word_1_65' title='bbox 1291 651 1578 731; x_wconf 78' lang='grc' dir='ltr'><em>προσέταξεν</em></span> <span class='ocrx_word' id='word_1_66' title='bbox 1611 647 1745 734; x_wconf 76' lang='grc' dir='ltr'><em>αὐτῷ</em></span> 
     </span>
     <span class='ocr_line' id='line_1_9' title="bbox 164 704 1743 801; baseline 0.001 -33"><span class='ocrx_word' id='word_1_67' title='bbox 164 720 561 769; x_wconf 78' lang='grc' dir='ltr'><em>διακινδυνεῦσαι</em></span> <span class='ocrx_word' id='word_1_68' title='bbox 597 716 714 783; x_wconf 79' lang='grc' dir='ltr'><em>πρὸς</em></span> <span class='ocrx_word' id='word_1_69' title='bbox 739 738 830 782; x_wconf 88' lang='grc' dir='ltr'><em>την</em></span> <span class='ocrx_word' id='word_1_70' title='bbox 855 721 1119 801; x_wconf 86' lang='grc' dir='ltr'><em>Χίμαιραν.</em></span> <span class='ocrx_word' id='word_1_71' title='bbox 1171 716 1197 768; x_wconf 78' lang='grc' dir='ltr'><em>ὃ</em></span> <span class='ocrx_word' id='word_1_72' title='bbox 1226 721 1275 771; x_wconf 84' lang='grc' dir='ltr'><em>δὲ</em></span> <span class='ocrx_word' id='word_1_73' title='bbox 1300 714 1666 785; x_wconf 79' lang='grc' dir='ltr'><em>ἆγωνισαμενος</em></span> <span class='ocrx_word' id='word_1_74' title='bbox 1690 704 1743 771; x_wconf 84' lang='grc' dir='ltr'><em>τὸ</em></span> 
     </span>
     <span class='ocr_line' id='line_1_10' title="bbox 162 783 1746 873; baseline 0.001 -35"><span class='ocrx_word' id='word_1_75' title='bbox 162 792 343 853; x_wconf 78' lang='grc' dir='ltr'><em>θηρίον</em></span> <span class='ocrx_word' id='word_1_76' title='bbox 367 786 526 838; x_wconf 81' lang='grc' dir='ltr'><em>ἀνεῖλε</em></span> <span class='ocrx_word' id='word_1_77' title='bbox 552 788 636 838; x_wconf 84' lang='grc' dir='ltr'><em>καὶ</em></span> <span class='ocrx_word' id='word_1_78' title='bbox 659 808 777 852; x_wconf 87' lang='grc' dir='ltr'><em>μετα</em></span> <span class='ocrx_word' id='word_1_79' title='bbox 801 793 952 838; x_wconf 88' lang='grc' dir='ltr'><em>ταῦτα</em></span> <span class='ocrx_word' id='word_1_80' title='bbox 979 783 1285 854; x_wconf 81' lang='grc' dir='ltr'><em>ὑποστρέψας</em></span> <span class='ocrx_word' id='word_1_81' title='bbox 1311 792 1378 849; x_wconf 81' lang='grc' dir='ltr'><em>εἰς</em></span> <span class='ocrx_word' id='word_1_82' title='bbox 1403 786 1492 854; x_wconf 82' lang='grc' dir='ltr'><em>τὴν</em></span> <span class='ocrx_word' id='word_1_83' title='bbox 1521 794 1746 873; x_wconf 86' lang='grc' dir='ltr'><em>Τίρυνθα</em></span> 
     </span>
     <span class='ocr_line' id='line_1_11' title="bbox 163 856 1744 940; baseline 0.001 -31"><span class='ocrx_word' id='word_1_84' title='bbox 163 862 358 921; x_wconf 78' lang='grc' dir='ltr'><em>πρῶτον</em></span> <span class='ocrx_word' id='word_1_85' title='bbox 382 859 470 924; x_wconf 82' lang='grc' dir='ltr'><em>μὲν</em></span> <span class='ocrx_word' id='word_1_86' title='bbox 496 859 743 940; x_wconf 43' lang='grc' dir='ltr'><em>ἐμέμψαῖτο</em></span> <span class='ocrx_word' id='word_1_87' title='bbox 769 856 853 908; x_wconf 81' lang='grc' dir='ltr'><em>τὸν</em></span> <span class='ocrx_word' id='word_1_88' title='bbox 877 861 1104 924; x_wconf 82' lang='grc' dir='ltr'><em>Προῖτον.</em></span> <span class='ocrx_word' id='word_1_89' title='bbox 1135 860 1295 909; x_wconf 88' lang='grc' dir='ltr'><em>ε’πειτα</em></span> <span class='ocrx_word' id='word_1_90' title='bbox 1322 861 1373 910; x_wconf 85' lang='grc' dir='ltr'><em>δὲ</em></span> <span class='ocrx_word' id='word_1_91' title='bbox 1402 861 1485 909; x_wconf 81' lang='grc' dir='ltr'><em>καὶ</em></span> <span class='ocrx_word' id='word_1_92' title='bbox 1505 857 1594 924; x_wconf 88' lang='grc' dir='ltr'><em>τὴν</em></span> <span class='ocrx_word' id='word_1_93' title='bbox 1615 867 1744 910; x_wconf 68' lang='lat'><strong><em>233-</em></strong></span> 
     </span>
     <span class='ocr_line' id='line_1_12' title="bbox 162 923 1746 996; baseline 0.001 -18"><span class='ocrx_word' id='word_1_94' title='bbox 162 930 362 995; x_wconf 88' lang='grc' dir='ltr'><em>νέβοιαν</em></span> <span class='ocrx_word' id='word_1_95' title='bbox 394 926 650 994; x_wconf 78' lang='grc' dir='ltr'><em>ἠπείλησεν</em></span> <span class='ocrx_word' id='word_1_96' title='bbox 675 925 924 993; x_wconf 77' lang='grc' dir='ltr'><em>απαγξειν.</em></span> <span class='ocrx_word' id='word_1_97' title='bbox 969 923 1147 994; x_wconf 77' lang='grc' dir='ltr'><em>μαθών</em></span> <span class='ocrx_word' id='word_1_98' title='bbox 1189 930 1239 980; x_wconf 91' lang='lat'><em>63</em></span> <span class='ocrx_word' id='word_1_99' title='bbox 1282 926 1370 993; x_wconf 85' lang='grc' dir='ltr'><em>τὴν</em></span> <span class='ocrx_word' id='word_1_100' title='bbox 1413 937 1625 996; x_wconf 78' lang='grc' dir='ltr'><em>γυναῖκα</em></span> <span class='ocrx_word' id='word_1_101' title='bbox 1659 934 1746 980; x_wconf 84' lang='grc' dir='ltr'><em>τοῦ</em></span> 
     </span>
     <span class='ocr_line' id='line_1_13' title="bbox 163 995 1744 1083; baseline 0 -34"><span class='ocrx_word' id='word_1_102' title='bbox 163 1000 383 1062; x_wconf 75' lang='grc' dir='ltr'><em>Προίτου</em></span> <span class='ocrx_word' id='word_1_103' title='bbox 424 997 648 1064; x_wconf 86' lang='grc' dir='ltr'><em>δεύτερον</em></span> <span class='ocrx_word' id='word_1_104' title='bbox 681 995 1093 1080; x_wconf 77' lang='grc' dir='ltr'><em>ε’πιβουλευουσαν</em></span> <span class='ocrx_word' id='word_1_105' title='bbox 1128 1019 1260 1049; x_wconf 89' lang='grc' dir='ltr'><em>αυτω</em></span> <span class='ocrx_word' id='word_1_106' title='bbox 1297 996 1601 1083; x_wconf 77' lang='grc' dir='ltr'><em>ανεχώρησεν</em></span> <span class='ocrx_word' id='word_1_107' title='bbox 1625 1021 1744 1050; x_wconf 87' lang='grc' dir='ltr'><em>ανα-</em></span> 
     </span>
     <span class='ocr_line' id='line_1_14' title="bbox 161 1063 1745 1150; baseline 0.001 -31"><span class='ocrx_word' id='word_1_108' title='bbox 161 1073 210 1135; x_wconf 84' lang='grc' dir='ltr'><em>βι</em></span> <span class='ocrx_word' id='word_1_109' title='bbox 203 1068 370 1150; x_wconf 76' lang='grc' dir='ltr'><em>βάσας</em></span> <span class='ocrx_word' id='word_1_110' title='bbox 396 1069 473 1118; x_wconf 81' lang='grc' dir='ltr'><em>ἔπι</em></span> <span class='ocrx_word' id='word_1_111' title='bbox 499 1067 584 1119; x_wconf 82' lang='grc' dir='ltr'><em>τὸν</em></span> <span class='ocrx_word' id='word_1_112' title='bbox 611 1066 846 1134; x_wconf 73' lang='grc' dir='ltr'><em>Πήγασον</em></span> <span class='ocrx_word' id='word_1_113' title='bbox 880 1063 968 1132; x_wconf 82' lang='grc' dir='ltr'><em>τὴν</em></span> <span class='ocrx_word' id='word_1_114' title='bbox 996 1070 1317 1134; x_wconf 82' lang='grc' dir='ltr'><em>Σθενέβοιαν.</em></span> <span class='ocrx_word' id='word_1_115' title='bbox 1369 1071 1451 1120; x_wconf 81' lang='grc' dir='ltr'><em>καὶ</em></span> <span class='ocrx_word' id='word_1_116' title='bbox 1479 1065 1641 1121; x_wconf 73' lang='grc' dir='ltr'><em>ἐλθὼν</em></span> <span class='ocrx_word' id='word_1_117' title='bbox 1668 1070 1745 1120; x_wconf 81' lang='grc' dir='ltr'><em>ἐπὶ</em></span> 
     </span>
     <span class='ocr_line' id='line_1_15' title="bbox 163 1134 1747 1225; baseline 0.001 -37"><span class='ocrx_word' id='word_1_118' title='bbox 163 1158 254 1221; x_wconf 85' lang='grc' dir='ltr'><em>την</em></span> <span class='ocrx_word' id='word_1_119' title='bbox 280 1139 538 1190; x_wconf 78' lang='grc' dir='ltr'><em>θάλασσαν</em></span> <span class='ocrx_word' id='word_1_120' title='bbox 574 1134 707 1225; x_wconf 77' lang='grc' dir='ltr'><em>η’ρθη</em></span> <span class='ocrx_word' id='word_1_121' title='bbox 734 1140 799 1198; x_wconf 82' lang='grc' dir='ltr'><em>εἰς</em></span> <span class='ocrx_word' id='word_1_122' title='bbox 834 1135 979 1201; x_wconf 66' lang='grc' dir='ltr'><strong><em>ὕψος.</em></strong></span> <span class='ocrx_word' id='word_1_123' title='bbox 1029 1136 1288 1204; x_wconf 73' lang='grc' dir='ltr'><em>γενόμενος</em></span> <span class='ocrx_word' id='word_1_124' title='bbox 1324 1140 1374 1190; x_wconf 87' lang='lat'><em>63</em></span> <span class='ocrx_word' id='word_1_125' title='bbox 1408 1160 1530 1189; x_wconf 80' lang='grc' dir='ltr'><em>κατα</em></span> <span class='ocrx_word' id='word_1_126' title='bbox 1566 1144 1747 1205; x_wconf 81' lang='grc' dir='ltr'><em>Μῆλον</em></span> 
     </span>
     <span class='ocr_line' id='line_1_16' title="bbox 164 1205 1746 1274; baseline 0.001 -16"><span class='ocrx_word' id='word_1_127' title='bbox 164 1229 254 1271; x_wconf 85' lang='grc' dir='ltr'><em>την</em></span> <span class='ocrx_word' id='word_1_128' title='bbox 279 1213 433 1272; x_wconf 88' lang='grc' dir='ltr'><em>νῆσον</em></span> <span class='ocrx_word' id='word_1_129' title='bbox 459 1210 526 1268; x_wconf 79' lang='grc' dir='ltr'><em>εἰς</em></span> <span class='ocrx_word' id='word_1_130' title='bbox 551 1209 642 1272; x_wconf 80' lang='grc' dir='ltr'><em>τὴν</em></span> <span class='ocrx_word' id='word_1_131' title='bbox 667 1206 921 1258; x_wconf 78' lang='grc' dir='ltr'><em>θαλασσαν</em></span> <span class='ocrx_word' id='word_1_132' title='bbox 949 1209 1153 1272; x_wconf 82' lang='grc' dir='ltr'><em>ε’ρριψεν</em></span> <span class='ocrx_word' id='word_1_133' title='bbox 1178 1230 1347 1273; x_wconf 87' lang='grc' dir='ltr'><em>αυτην</em></span> <span class='ocrx_word' id='word_1_134' title='bbox 1375 1205 1437 1274; x_wconf 79' lang='grc' dir='ltr'><em>ἣν</em></span> <span class='ocrx_word' id='word_1_135' title='bbox 1461 1228 1557 1260; x_wconf 88' lang='grc' dir='ltr'><em>απο</em></span> <span class='ocrx_word' id='word_1_136' title='bbox 1570 1214 1746 1260; x_wconf 74' lang='grc' dir='ltr'><em>θανοῦ-</em></span> 
     </span>
     <span class='ocr_line' id='line_1_17' title="bbox 164 1272 1742 1361; baseline 0.002 -34"><span class='ocrx_word' id='word_1_137' title='bbox 164 1294 252 1328; x_wconf 85' lang='grc' dir='ltr'><em>σαν</em></span> <span class='ocrx_word' id='word_1_138' title='bbox 278 1277 501 1361; x_wconf 79' lang='grc' dir='ltr'><em>εὑρόντες</em></span> <span class='ocrx_word' id='word_1_139' title='bbox 519 1279 646 1338; x_wconf 82' lang='grc' dir='ltr'><em>τινὲς</em></span> <span class='ocrx_word' id='word_1_140' title='bbox 662 1272 812 1337; x_wconf 77' lang='grc' dir='ltr'><em>ἁλιεῖς</em></span> <span class='ocrx_word' id='word_1_141' title='bbox 831 1272 1156 1345; x_wconf 76' lang='grc' dir='ltr'><em>ἀναλαβόντες</em></span> <span class='ocrx_word' id='word_1_142' title='bbox 1179 1278 1408 1345; x_wconf 79' lang='grc' dir='ltr'><em>ἐκόμισαν</em></span> <span class='ocrx_word' id='word_1_143' title='bbox 1428 1282 1493 1340; x_wconf 74' lang='grc' dir='ltr'><em>εἰς</em></span> <span class='ocrx_word' id='word_1_144' title='bbox 1509 1283 1742 1339; x_wconf 77' lang='grc' dir='ltr'><em>Τίρυνθα.</em></span> 
     </span>
     <span class='ocr_line' id='line_1_18' title="bbox 162 1342 1745 1432; baseline 0.001 -34"><span class='ocrx_word' id='word_1_145' title='bbox 162 1345 312 1398; x_wconf 76' lang='grc' dir='ltr'><em>πάλιν</em></span> <span class='ocrx_word' id='word_1_146' title='bbox 347 1349 397 1399; x_wconf 85' lang='grc' dir='ltr'><em>δὲ</em></span> <span class='ocrx_word' id='word_1_147' title='bbox 431 1342 740 1413; x_wconf 74' lang='grc' dir='ltr'><em>υποστρέψας</em></span> <span class='ocrx_word' id='word_1_148' title='bbox 776 1343 800 1396; x_wconf 94' lang='lat'><em>6</em></span> <span class='ocrx_word' id='word_1_149' title='bbox 837 1346 1224 1413; x_wconf 77' lang='grc' dir='ltr'><em>Βελλεροφόντης</em></span> <span class='ocrx_word' id='word_1_150' title='bbox 1259 1347 1406 1432; x_wconf 85' lang='grc' dir='ltr'><em>πρὸς</em></span> <span class='ocrx_word' id='word_1_151' title='bbox 1415 1344 1494 1409; x_wconf 82' lang='grc' dir='ltr'><em>τὸς</em></span> <span class='ocrx_word' id='word_1_152' title='bbox 1532 1355 1745 1415; x_wconf 80' lang='grc' dir='ltr'><em>Προῖτον</em></span> 
     </span>
     <span class='ocr_line' id='line_1_19' title="bbox 162 1412 1745 1503; baseline 0.002 -36"><span class='ocrx_word' id='word_1_153' title='bbox 162 1412 306 1480; x_wconf 79' lang='grc' dir='ltr'><em>αὐτὸς</em></span> <span class='ocrx_word' id='word_1_154' title='bbox 321 1413 647 1503; x_wconf 74' lang='grc' dir='ltr'><em>ωμολόγησεν</em></span> <span class='ocrx_word' id='word_1_155' title='bbox 681 1418 978 1482; x_wconf 84' lang='grc' dir='ltr'><em>πεπραχέναι</em></span> <span class='ocrx_word' id='word_1_156' title='bbox 1015 1422 1188 1468; x_wconf 85' lang='grc' dir='ltr'><em>ταῦτα</em></span> <span class='ocrx_word' id='word_1_157' title='bbox 1242 1420 1315 1479; x_wconf 80' lang='grc' dir='ltr'><em>δὶς</em></span> <span class='ocrx_word' id='word_1_158' title='bbox 1351 1441 1443 1486; x_wconf 77' lang='grc' dir='ltr'><em>γαρ</em></span> <span class='ocrx_word' id='word_1_159' title='bbox 1472 1419 1745 1484; x_wconf 82' lang='grc' dir='ltr'><em>ἐπιβουλευ·</em></span> 
     </span>
     <span class='ocr_line' id='line_1_20' title="bbox 163 1483 1747 1571; baseline 0.001 -33"><span class='ocrx_word' id='word_1_160' title='bbox 163 1488 273 1549; x_wconf 84' lang='grc' dir='ltr'><em>θεις</em></span> <span class='ocrx_word' id='word_1_161' title='bbox 305 1484 392 1539; x_wconf 59' lang='lat' dir='ltr'><em>‘mv&#39;</em></span> <span class='ocrx_word' id='word_1_162' title='bbox 421 1483 707 1571; x_wconf 70' lang='grc' dir='ltr'><em>ἀμφοτέρων</em></span> <span class='ocrx_word' id='word_1_163' title='bbox 746 1489 887 1552; x_wconf 78' lang='grc' dir='ltr'><em>δίκην</em></span> <span class='ocrx_word' id='word_1_164' title='bbox 921 1489 1168 1552; x_wconf 86' lang='grc' dir='ltr'><em>ειληφέναι</em></span> <span class='ocrx_word' id='word_1_165' title='bbox 1204 1510 1295 1553; x_wconf 90' lang='grc' dir='ltr'><em>την</em></span> <span class='ocrx_word' id='word_1_166' title='bbox 1320 1490 1624 1553; x_wconf 82' lang='grc' dir='ltr'><em>πρέπουσαν,</em></span> <span class='ocrx_word' id='word_1_167' title='bbox 1661 1494 1747 1554; x_wconf 84' lang='grc' dir='ltr'><em>τῆς</em></span> 
     </span>
     <span class='ocr_line' id='line_1_21' title="bbox 163 1554 1742 1624; baseline 0.001 -15"><span class='ocrx_word' id='word_1_168' title='bbox 163 1558 252 1624; x_wconf 82' lang='grc' dir='ltr'><em>μὲν</em></span> <span class='ocrx_word' id='word_1_169' title='bbox 286 1560 352 1619; x_wconf 83' lang='grc' dir='ltr'><em>εἰς</em></span> <span class='ocrx_word' id='word_1_170' title='bbox 388 1554 439 1608; x_wconf 81' lang='grc' dir='ltr'><em>τὸ</em></span> <span class='ocrx_word' id='word_1_171' title='bbox 478 1561 592 1622; x_wconf 74' lang='grc' dir='ltr'><em>ζην,</em></span> <span class='ocrx_word' id='word_1_172' title='bbox 630 1562 715 1608; x_wconf 88' lang='grc' dir='ltr'><em>τοῦ</em></span> <span class='ocrx_word' id='word_1_173' title='bbox 751 1558 801 1608; x_wconf 89' lang='lat'><em>63</em></span> <span class='ocrx_word' id='word_1_174' title='bbox 837 1559 904 1617; x_wconf 80' lang='grc' dir='ltr'><em>εἰς</em></span> <span class='ocrx_word' id='word_1_175' title='bbox 938 1554 990 1607; x_wconf 81' lang='grc' dir='ltr'><em>τὸ</em></span> <span class='ocrx_word' id='word_1_176' title='bbox 1028 1564 1304 1609; x_wconf 76' lang='grc' dir='ltr'><em>λυπεῖσθαι.</em></span> <span class='ocrx_word' id='word_1_177' title='bbox 1356 1565 1503 1611; x_wconf 76' lang='grc'><strong><em>801101.</em></strong></span> <span class='ocrx_word' id='word_1_178' title='bbox 1534 1565 1638 1611; x_wconf 91' lang='lat' dir='ltr'>Ven.</span> <span class='ocrx_word' id='word_1_179' title='bbox 1667 1569 1742 1612; x_wconf 82' lang='lat' dir='ltr'><em>Ar.</em></span> 
     </span>
     <span class='ocr_line' id='line_1_22' title="bbox 162 1623 1745 1719; baseline 0 -39"><span class='ocrx_word' id='word_1_180' title='bbox 162 1634 262 1680; x_wconf 83' lang='lat' dir='ltr'>Pae.</span> <span class='ocrx_word' id='word_1_181' title='bbox 295 1623 1121 1710; x_wconf 70' lang='grc' dir='ltr'><em>14Ο(01”.801(1.ν.τραγικώτεροςι)</em></span> <span class='ocrx_word' id='word_1_182' title='bbox 1151 1631 1288 1679; x_wconf 80' lang='grc' dir='ltr'><em>δοκεῖ</em></span> <span class='ocrx_word' id='word_1_183' title='bbox 1307 1628 1332 1679; x_wconf 88' lang='lat'><em>6</em></span> <span class='ocrx_word' id='word_1_184' title='bbox 1356 1630 1745 1719; x_wconf 76' lang='grc' dir='ltr'><em>Βελλεροφόντης</em></span> 
     </span>
     <span class='ocr_line' id='line_1_23' title="bbox 162 1694 1745 1765; baseline 0.001 -17"><span class='ocrx_word' id='word_1_185' title='bbox 162 1719 254 1761; x_wconf 87' lang='grc' dir='ltr'><em>την</em></span> <span class='ocrx_word' id='word_1_186' title='bbox 281 1701 365 1748; x_wconf 82' lang='grc' dir='ltr'><em>τοῦ</em></span> <span class='ocrx_word' id='word_1_187' title='bbox 393 1700 606 1763; x_wconf 87' lang='grc' dir='ltr'><em>Προίτου</em></span> <span class='ocrx_word' id='word_1_188' title='bbox 629 1704 841 1763; x_wconf 77' lang='grc' dir='ltr'><em>γυναῖκα</em></span> <span class='ocrx_word' id='word_1_189' title='bbox 867 1694 983 1762; x_wconf 78' lang='grc' dir='ltr'><em>μετὰ</em></span> <span class='ocrx_word' id='word_1_190' title='bbox 1008 1694 1097 1761; x_wconf 84' lang='grc' dir='ltr'><em>τὴν</em></span> <span class='ocrx_word' id='word_1_191' title='bbox 1121 1705 1204 1764; x_wconf 81' lang='grc' dir='ltr'><em>τῆς</em></span> <span class='ocrx_word' id='word_1_192' title='bbox 1229 1702 1473 1765; x_wconf 81' lang='grc' dir='ltr'><em>Χιμαίρας</em></span> <span class='ocrx_word' id='word_1_193' title='bbox 1496 1697 1745 1763; x_wconf 72' lang='grc' dir='ltr'><em>ἀναίρεσιν</em></span> 
     </span>
     <span class='ocr_line' id='line_1_24' title="bbox 163 1764 1743 1856; baseline 0.002 -39"><span class='ocrx_word' id='word_1_194' title='bbox 163 1768 453 1818; x_wconf 76' lang='grc' dir='ltr'><em>ἐπανελθών</em></span> <span class='ocrx_word' id='word_1_195' title='bbox 490 1770 556 1827; x_wconf 73' lang='grc' dir='ltr'><em>εἰς</em></span> <span class='ocrx_word' id='word_1_196' title='bbox 596 1767 847 1833; x_wconf 82' lang='grc' dir='ltr'><em>Κόρινθον</em></span> <span class='ocrx_word' id='word_1_197' title='bbox 881 1764 1123 1856; x_wconf 83' lang='grc' dir='ltr'><em>ἆπατησαι</em></span> <span class='ocrx_word' id='word_1_198' title='bbox 1164 1765 1225 1828; x_wconf 72' lang='grc' dir='ltr'><em>ὡς</em></span> <span class='ocrx_word' id='word_1_199' title='bbox 1260 1770 1377 1831; x_wconf 78' lang='grc' dir='ltr'><em>ε’ξων</em></span> <span class='ocrx_word' id='word_1_200' title='bbox 1414 1776 1624 1836; x_wconf 79' lang='grc' dir='ltr'><em>γυναῖκα</em></span> <span class='ocrx_word' id='word_1_201' title='bbox 1660 1772 1743 1820; x_wconf 81' lang='grc' dir='ltr'><em>καὶ</em></span> 
     </span>
     <span class='ocr_line' id='line_1_25' title="bbox 164 1835 1742 1907; baseline 0.002 -20"><span class='ocrx_word' id='word_1_202' title='bbox 164 1835 452 1904; x_wconf 78' lang='grc' dir='ltr'><em>ἐπιβιβασας</em></span> <span class='ocrx_word' id='word_1_203' title='bbox 485 1841 571 1888; x_wconf 83' lang='grc' dir='ltr'><em>τοῦ</em></span> <span class='ocrx_word' id='word_1_204' title='bbox 605 1837 844 1902; x_wconf 58' lang='lat' dir='ltr'><em>Hssyocffov</em></span> <span class='ocrx_word' id='word_1_205' title='bbox 880 1840 947 1898; x_wconf 80' lang='grc' dir='ltr'><em>εἰς</em></span> <span class='ocrx_word' id='word_1_206' title='bbox 983 1839 1133 1903; x_wconf 84' lang='grc' dir='ltr'><em>μέσην</em></span> <span class='ocrx_word' id='word_1_207' title='bbox 1168 1841 1317 1907; x_wconf 77' lang='grc' dir='ltr'><em>ῥῖψαι</em></span> <span class='ocrx_word' id='word_1_208' title='bbox 1351 1861 1439 1904; x_wconf 84' lang='grc' dir='ltr'><em>την</em></span> <span class='ocrx_word' id='word_1_209' title='bbox 1474 1840 1742 1902; x_wconf 79' lang='grc' dir='ltr'><em>θαλασσαν.</em></span> 
     </span>
     <span class='ocr_line' id='line_1_26' title="bbox 162 1913 1744 1976; baseline 0.003 -18"><span class='ocrx_word' id='word_1_210' title='bbox 162 1914 380 1959; x_wconf 82' lang='lat' dir='ltr'>lohannes</span> <span class='ocrx_word' id='word_1_211' title='bbox 416 1913 591 1959; x_wconf 75' lang='lat' dir='ltr'>Malalns</span> <span class='ocrx_word' id='word_1_212' title='bbox 626 1922 865 1974; x_wconf 78' lang='lat' dir='ltr'>postquam</span> <span class='ocrx_word' id='word_1_213' title='bbox 899 1914 951 1958; x_wconf 85' lang='lat' dir='ltr'>de</span> <span class='ocrx_word' id='word_1_214' title='bbox 986 1914 1175 1973; x_wconf 74' lang='lat' dir='ltr'>Ptoeto,</span> <span class='ocrx_word' id='word_1_215' title='bbox 1211 1915 1518 1976; x_wconf 76' lang='lat' dir='ltr'>Stheneboea,</span> <span class='ocrx_word' id='word_1_216' title='bbox 1552 1916 1744 1963; x_wconf 88' lang='lat' dir='ltr'>Bellero·</span> 
     </span>
     <span class='ocr_line' id='line_1_27' title="bbox 162 1983 1742 2051; baseline 0.001 -24"><span class='ocrx_word' id='word_1_217' title='bbox 162 1985 359 2044; x_wconf 87' lang='lat' dir='ltr'>phonte‚</span> <span class='ocrx_word' id='word_1_218' title='bbox 395 1983 542 2028; x_wconf 78' lang='lat' dir='ltr'>Iobata</span> <span class='ocrx_word' id='word_1_219' title='bbox 571 1984 783 2051; x_wconf 81' lang='lat' dir='ltr'>quaedam</span> <span class='ocrx_word' id='word_1_220' title='bbox 810 1985 1029 2042; x_wconf 78' lang='lat' dir='ltr'>narravit,</span> <span class='ocrx_word' id='word_1_221' title='bbox 1067 1985 1173 2029; x_wconf 78' lang='lat' dir='ltr'>haee</span> <span class='ocrx_word' id='word_1_222' title='bbox 1201 1986 1384 2046; x_wconf 77' lang='lat' dir='ltr'>athlitp.</span> <span class='ocrx_word' id='word_1_223' title='bbox 1414 1985 1618 2045; x_wconf 83' lang='lat'><strong><em>84,16:</em></strong></span> <span class='ocrx_word' id='word_1_224' title='bbox 1656 2002 1742 2030; x_wconf 76' lang='grc' dir='ltr'><em>κα-</em></span> 
     </span>
     <span class='ocr_line' id='line_1_28' title="bbox 162 2043 1745 2116; baseline 0.001 -19"><span class='ocrx_word' id='word_1_225' title='bbox 162 2045 269 2108; x_wconf 78' lang='grc' dir='ltr'><em>θὼς</em></span> <span class='ocrx_word' id='word_1_226' title='bbox 294 2061 636 2115; x_wconf 75' lang='grc' dir='ltr'><em>συνεγραψατο</em></span> <span class='ocrx_word' id='word_1_227' title='bbox 661 2043 933 2111; x_wconf 72' lang='grc' dir='ltr'><em>Εὐριπίδης</em></span> <span class='ocrx_word' id='word_1_228' title='bbox 959 2043 982 2097; x_wconf 85' lang='grc' dir='ltr'>ὁ</span> <span class='ocrx_word' id='word_1_229' title='bbox 1004 2048 1230 2114; x_wconf 74' lang='grc' dir='ltr'><em>τραγικὸς</em></span> <span class='ocrx_word' id='word_1_230' title='bbox 1256 2050 1460 2116; x_wconf 84' lang='grc' dir='ltr'><em>ποιητὴς</em></span> <span class='ocrx_word' id='word_1_231' title='bbox 1485 2049 1745 2115; x_wconf 72' lang='grc' dir='ltr'><em>πληρώσας</em></span> 
     </span>
     <span class='ocr_line' id='line_1_29' title="bbox 162 2116 1744 2185; baseline 0.003 -18"><span class='ocrx_word' id='word_1_232' title='bbox 162 2116 216 2167; x_wconf 81' lang='grc' dir='ltr'><em>τὸ</em></span> <span class='ocrx_word' id='word_1_233' title='bbox 253 2119 427 2183; x_wconf 77' lang='grc' dir='ltr'><em>δρᾶμα.</em></span> <span class='ocrx_word' id='word_1_234' title='bbox 495 2122 674 2168; x_wconf 81' lang='lat' dir='ltr'>Ovidius</span> <span class='ocrx_word' id='word_1_235' title='bbox 710 2124 842 2168; x_wconf 84' lang='lat' dir='ltr'>Trist.</span> <span class='ocrx_word' id='word_1_236' title='bbox 882 2123 938 2181; x_wconf 82' lang='lat'><em>2,</em></span> <span class='ocrx_word' id='word_1_237' title='bbox 966 2123 1064 2170; x_wconf 82' lang='lat'><em>397</em></span> <span class='ocrx_word' id='word_1_238' title='bbox 1112 2126 1439 2183; x_wconf 62' lang='grc' dir='ltr'><em>[Γεςοθδίπυη]</em></span> <span class='ocrx_word' id='word_1_239' title='bbox 1485 2134 1744 2185; x_wconf 76' lang='lat' dir='ltr'>argumenta</span> 
     </span>
     <span class='ocr_line' id='line_1_30' title="bbox 163 2162 1742 2255; baseline 0.002 -17"><span class='ocrx_word' id='word_1_240' title='bbox 163 2207 425 2238; x_wconf 81' lang='lat' dir='ltr'>recensens:</span> <span class='ocrx_word' id='word_1_241' title='bbox 452 2208 560 2238; x_wconf 80' lang='lat' dir='ltr'><em>nam</em></span> <span class='ocrx_word' id='word_1_242' title='bbox 579 2195 693 2253; x_wconf 78' lang='lat' dir='ltr'><em>quid</em></span> <span class='ocrx_word' id='word_1_243' title='bbox 715 2195 772 2238; x_wconf 82' lang='lat' dir='ltr'><em>cle</em></span> <span class='ocrx_word' id='word_1_244' title='bbox 794 2196 958 2239; x_wconf 82' lang='lat' dir='ltr'>tetrico</span> <span class='ocrx_word' id='word_1_245' title='bbox 979 2162 1205 2253; x_wconf 75' lang='lat' dir='ltr'><em>referamD</em></span> <span class='ocrx_word' id='word_1_246' title='bbox 1214 2197 1436 2241; x_wconf 77' lang='lat' dir='ltr'>domitore</span> <span class='ocrx_word' id='word_1_247' title='bbox 1450 2196 1742 2255; x_wconf 71' lang='lat' dir='ltr'><em>Chimaerae,</em></span> 
     </span>
     <span class='ocr_line' id='line_1_31' title="bbox 162 2263 1743 2324; baseline 0.002 -16"><span class='ocrx_word' id='word_1_248' title='bbox 162 2277 299 2322; x_wconf 81' lang='lat' dir='ltr'>quem</span> <span class='ocrx_word' id='word_1_249' title='bbox 333 2263 421 2308; x_wconf 82' lang='lat' dir='ltr'>leto</span> <span class='ocrx_word' id='word_1_250' title='bbox 452 2263 620 2321; x_wconf 79' lang='lat' dir='ltr'><em>fallax</em></span> <span class='ocrx_word' id='word_1_251' title='bbox 643 2265 826 2321; x_wconf 77' lang='lat' dir='ltr'><em>hospita</em></span> <span class='ocrx_word' id='word_1_252' title='bbox 851 2276 1007 2321; x_wconf 82' lang='lat' dir='ltr'>paene</span> <span class='ocrx_word' id='word_1_253' title='bbox 1033 2266 1188 2309; x_wconf 77' lang='lat' dir='ltr'>dedit?</span> <span class='ocrx_word' id='word_1_254' title='bbox 1233 2266 1417 2324; x_wconf 82' lang='lat' dir='ltr'>proclivi</span> <span class='ocrx_word' id='word_1_255' title='bbox 1456 2280 1608 2310; x_wconf 83' lang='lat' dir='ltr'>erroro</span> <span class='ocrx_word' id='word_1_256' title='bbox 1638 2266 1743 2312; x_wconf 77' lang='lat' dir='ltr'>haec</span> 
     </span>
     <span class='ocr_line' id='line_1_32' title="bbox 162 2332 1742 2393; baseline 0.004 -17"><span class='ocrx_word' id='word_1_257' title='bbox 162 2332 310 2376; x_wconf 80' lang='lat' dir='ltr'>sabula</span> <span class='ocrx_word' id='word_1_258' title='bbox 331 2346 428 2376; x_wconf 90' lang='lat' dir='ltr'><em>cum</em></span> <span class='ocrx_word' id='word_1_259' title='bbox 451 2333 791 2392; x_wconf 73' lang='lat' dir='ltr'>Bellerophonte</span> <span class='ocrx_word' id='word_1_260' title='bbox 821 2333 1109 2378; x_wconf 81' lang='lat' dir='ltr'>confunditur</span> <span class='ocrx_word' id='word_1_261' title='bbox 1134 2333 1246 2392; x_wconf 79' lang='lat' dir='ltr'>(vide</span> <span class='ocrx_word' id='word_1_262' title='bbox 1266 2334 1319 2378; x_wconf 71' lang='lat' dir='ltr'><em>ft.</em></span> <span class='ocrx_word' id='word_1_263' title='bbox 1356 2335 1452 2382; x_wconf 86' lang='lat'><em>663</em></span> <span class='ocrx_word' id='word_1_264' title='bbox 1481 2336 1577 2381; x_wconf 83' lang='lat'><em>665</em></span> <span class='ocrx_word' id='word_1_265' title='bbox 1610 2335 1742 2393; x_wconf 77' lang='lat'><strong><em>670).</em></strong></span> 
     </span>
     <span class='ocr_line' id='line_1_33' title="bbox 163 2401 1740 2478; baseline 0.003 -32"><span class='ocrx_word' id='word_1_266' title='bbox 163 2401 402 2446; x_wconf 81' lang='lat' dir='ltr'>Meinekius</span> <span class='ocrx_word' id='word_1_267' title='bbox 439 2415 490 2446; x_wconf 84' lang='lat' dir='ltr'>ex</span> <span class='ocrx_word' id='word_1_268' title='bbox 524 2402 799 2446; x_wconf 74' lang='lat' dir='ltr'>Stheneboea</span> <span class='ocrx_word' id='word_1_269' title='bbox 829 2410 1010 2478; x_wconf 87' lang='lat' dir='ltr'>sumpta</span> <span class='ocrx_word' id='word_1_270' title='bbox 1051 2417 1150 2448; x_wconf 86' lang='lat' dir='ltr'>esse</span> <span class='ocrx_word' id='word_1_271' title='bbox 1185 2405 1374 2449; x_wconf 81' lang='lat' dir='ltr'>coniecit</span> <span class='ocrx_word' id='word_1_272' title='bbox 1410 2405 1536 2450; x_wconf 81' lang='lat' dir='ltr'>verba</span> <span class='ocrx_word' id='word_1_273' title='bbox 1566 2406 1740 2450; x_wconf 81' lang='lat' dir='ltr'>Aristo-</span> 
     </span>
     <span class='ocr_line' id='line_1_34' title="bbox 162 2460 1741 2538; baseline 0.001 -22"><span class='ocrx_word' id='word_1_274' title='bbox 162 2472 319 2530; x_wconf 82' lang='lat' dir='ltr'>phanis</span> <span class='ocrx_word' id='word_1_275' title='bbox 352 2471 453 2516; x_wconf 82' lang='lat' dir='ltr'>Pac.</span> <span class='ocrx_word' id='word_1_276' title='bbox 484 2471 606 2517; x_wconf 87' lang='lat'>140:</span> <span class='ocrx_word' id='word_1_277' title='bbox 655 2468 703 2515; x_wconf 91' lang='grc' dir='ltr'><em>τί</em></span> <span class='ocrx_word' id='word_1_278' title='bbox 744 2460 786 2514; x_wconf 85' lang='grc' dir='ltr'><em>δ’</em></span> <span class='ocrx_word' id='word_1_279' title='bbox 815 2460 879 2532; x_wconf 76' lang='grc' dir='ltr'><em>ἦν</em></span> <span class='ocrx_word' id='word_1_280' title='bbox 906 2486 952 2526; x_wconf 85' lang='grc' dir='ltr'><em>ες</em></span> <span class='ocrx_word' id='word_1_281' title='bbox 984 2463 1139 2531; x_wconf 80' lang='grc' dir='ltr'><em>ὑγρὸν</em></span> <span class='ocrx_word' id='word_1_282' title='bbox 1175 2464 1376 2518; x_wconf 89' lang='grc' dir='ltr'><em>πόντιον</em></span> <span class='ocrx_word' id='word_1_283' title='bbox 1401 2470 1523 2538; x_wconf 85' lang='grc' dir='ltr'><em>πέσῃ</em></span> <span class='ocrx_word' id='word_1_284' title='bbox 1554 2467 1711 2534; x_wconf 63' lang='grc' dir='ltr'><em>βάθος</em></span> <span class='ocrx_word' id='word_1_285' title='bbox 1722 2488 1741 2529; x_wconf 87' lang='lat'><em>,·</em></span> 
     </span>
     <span class='ocr_line' id='line_1_35' title="bbox 161 2538 1743 2604; baseline 0.002 -20"><span class='ocrx_word' id='word_1_286' title='bbox 161 2556 201 2584; x_wconf 89' lang='lat' dir='ltr'><em>v.</em></span> <span class='ocrx_word' id='word_1_287' title='bbox 231 2542 358 2599; x_wconf 79' lang='lat' dir='ltr'>Trag.</span> <span class='ocrx_word' id='word_1_288' title='bbox 386 2541 535 2600; x_wconf 79' lang='lat' dir='ltr'>adesp.</span> <span class='ocrx_word' id='word_1_289' title='bbox 573 2540 654 2586; x_wconf 92' lang='lat'><em>41.</em></span> <span class='ocrx_word' id='word_1_290' title='bbox 706 2555 788 2599; x_wconf 79' lang='lat' dir='ltr'>ego</span> <span class='ocrx_word' id='word_1_291' title='bbox 827 2543 870 2586; x_wconf 91' lang='lat' dir='ltr'><em>in</em></span> <span class='ocrx_word' id='word_1_292' title='bbox 898 2542 949 2586; x_wconf 86' lang='lat' dir='ltr'><em>iis</em></span> <span class='ocrx_word' id='word_1_293' title='bbox 988 2556 1097 2601; x_wconf 80' lang='lat' dir='ltr'>quae</span> <span class='ocrx_word' id='word_1_294' title='bbox 1133 2542 1289 2589; x_wconf 81' lang='lat' dir='ltr'>Suidas</span> <span class='ocrx_word' id='word_1_295' title='bbox 1326 2560 1368 2591; x_wconf 90' lang='lat' dir='ltr'><em>v.</em></span> <span class='ocrx_word' id='word_1_296' title='bbox 1402 2538 1743 2604; x_wconf 83' lang='grc' dir='ltr'><em>χαιιαιεύρετος</em></span> 
     </span>
     <span class='ocr_line' id='line_1_36' title="bbox 162 2600 1741 2688; baseline 0.004 -34"><span class='ocrx_word' id='word_1_297' title='bbox 162 2600 711 2688; x_wconf 75' lang='grc' dir='ltr'><em>11311οῑ,χαμαιεύρετόν</em></span> <span class='ocrx_word' id='word_1_298' title='bbox 735 2625 792 2669; x_wconf 90' lang='grc' dir='ltr'><em>με</em></span> <span class='ocrx_word' id='word_1_299' title='bbox 818 2606 926 2671; x_wconf 85' lang='grc' dir='ltr'><em>εὑρε</em></span> <span class='ocrx_word' id='word_1_300' title='bbox 960 2607 1041 2654; x_wconf 77' lang='grc' dir='ltr'><em>καὶ</em></span> <span class='ocrx_word' id='word_1_301' title='bbox 1067 2603 1400 2671; x_wconf 83' lang='grc' dir='ltr'><em>ανεθρέψατο.</em></span> <span class='ocrx_word' id='word_1_302' title='bbox 1438 2615 1741 2660; x_wconf 78' lang='lat' dir='ltr'>Stheneboeae</span> 
     </span>
     <span class='ocr_line' id='line_1_37' title="bbox 164 2669 1741 2745; baseline 0.004 -22"><span class='ocrx_word' id='word_1_303' title='bbox 164 2692 341 2724; x_wconf 83' lang='lat' dir='ltr'>versum</span> <span class='ocrx_word' id='word_1_304' title='bbox 367 2695 635 2739; x_wconf 82' lang='grc' dir='ltr'><em>χαμαιπετη</em></span> <span class='ocrx_word' id='word_1_305' title='bbox 661 2669 711 2740; x_wconf 80' lang='grc' dir='ltr'><em>μ’</em></span> <span class='ocrx_word' id='word_1_306' title='bbox 741 2670 792 2735; x_wconf 72' lang='grc' dir='ltr'><em>ὃς</em></span> <span class='ocrx_word' id='word_1_307' title='bbox 818 2673 927 2739; x_wconf 81' lang='grc' dir='ltr'><em>εὗρε</em></span> <span class='ocrx_word' id='word_1_308' title='bbox 952 2669 1294 2745; x_wconf 80' lang='grc' dir='ltr'><em>κᾶνεθρέψατο</em></span> <span class='ocrx_word' id='word_1_309' title='bbox 1314 2685 1450 2730; x_wconf 85' lang='lat' dir='ltr'>latere</span> <span class='ocrx_word' id='word_1_310' title='bbox 1471 2684 1572 2729; x_wconf 83' lang='lat' dir='ltr'>olhn</span> <span class='ocrx_word' id='word_1_311' title='bbox 1596 2687 1741 2744; x_wconf 88' lang='lat' dir='ltr'>suspi-</span> 
     </span>
     <span class='ocr_line' id='line_1_38' title="bbox 160 2750 1073 2811; baseline 0.004 -17"><span class='ocrx_word' id='word_1_312' title='bbox 160 2755 286 2794; x_wconf 86' lang='lat' dir='ltr'>catus</span> <span class='ocrx_word' id='word_1_313' title='bbox 311 2763 406 2794; x_wconf 91' lang='lat' dir='ltr'><em>sum</em></span> <span class='ocrx_word' id='word_1_314' title='bbox 433 2751 535 2796; x_wconf 87' lang='lat' dir='ltr'>coll.</span> <span class='ocrx_word' id='word_1_315' title='bbox 564 2751 656 2795; x_wconf 83' lang='lat' dir='ltr'>Ioh.</span> <span class='ocrx_word' id='word_1_316' title='bbox 685 2750 735 2795; x_wconf 85' lang='lat' dir='ltr'><strong>M</strong></span> <span class='ocrx_word' id='word_1_317' title='bbox 741 2750 781 2795; x_wconf 85' lang='lat' dir='ltr'><em>·l</em></span> <span class='ocrx_word' id='word_1_318' title='bbox 811 2751 965 2811; x_wconf 81' lang='lat' dir='ltr'><strong><em>p.83‚</em></strong></span> <span class='ocrx_word' id='word_1_319' title='bbox 996 2751 1073 2798; x_wconf 91' lang='grc'><strong><em>13.</em></strong></span> 
     </span>
    </p>
   </div>
   <div class='ocr_carea' id='block_1_3' title="bbox 244 2921 1407 2973">
    <p class='ocr_par' dir='ltr' id='par_1_3' title="bbox 244 2921 1407 2973">
     <span class='ocr_line' id='line_1_39' title="bbox 244 2921 1407 2973; baseline 0.015 -18"><span class='ocrx_word' id='word_1_320' title='bbox 244 2921 374 2958; x_wconf 72' lang='lat' dir='ltr'>Evnoe.</span> <span class='ocrx_word' id='word_1_321' title='bbox 397 2935 480 2959; x_wconf 70' lang='lat' dir='ltr'>von.</span> <span class='ocrx_word' id='word_1_322' title='bbox 505 2935 560 2961; x_wconf 81' lang='lat'><em>111.</em></span> <span class='ocrx_word' id='word_1_323' title='bbox 1357 2935 1407 2973; x_wconf 74' lang='lat'><em>12</em></span> 
     </span>
    </p>
   </div>
  </div>
 </body>
</html>
