<?xml version="1.0" encoding="UTF-8"?>
<!DOCTYPE html PUBLIC "-//W3C//DTD XHTML 1.0 Transitional//EN"
    "http://www.w3.org/TR/xhtml1/DTD/xhtml1-transitional.dtd">
<html xmlns="http://www.w3.org/1999/xhtml" xml:lang="en" lang="en">
 <head>
  <title>
</title>
<meta http-equiv="Content-Type" content="text/html;charset=utf-8" />
  <meta name='ocr-system' content='tesseract 3.04.00' />
  <meta name='ocr-capabilities' content='ocr_page ocr_carea ocr_par ocr_line ocrx_word'/>
</head>
<body>
  <div class='ocr_page' id='page_1' title='image "./euripidistragoe03euriuoft_0082.png"; bbox 0 0 2077 3139; ppageno 0'>
   <div class='ocr_carea' id='block_1_1' title="bbox 255 98 1188 177">
    <p class='ocr_par' dir='ltr' id='par_1_1' title="bbox 255 98 1188 177">
     <span class='ocr_line' id='line_1_1' title="bbox 255 98 1188 177; baseline -0.013 -25"><span class='ocrx_word' id='word_1_1' title='bbox 255 98 323 152; x_wconf 83' lang='lat'><em>50</em></span> <span class='ocrx_word' id='word_1_2' title='bbox 907 101 1188 177; x_wconf 62' lang='lat' dir='ltr'><em>ANT1013H</em></span> 
     </span>
    </p>
   </div>
   <div class='ocr_carea' id='block_1_2' title="bbox 191 232 1842 638">
    <p class='ocr_par' dir='ltr' id='par_1_2' title="bbox 191 232 1842 638">
     <span class='ocr_line' id='line_1_2' title="bbox 358 232 1842 304; baseline -0.001 -15"><span class='ocrx_word' id='word_1_3' title='bbox 358 248 616 289; x_wconf 81' lang='lat' dir='ltr'>Ammomus</span> <span class='ocrx_word' id='word_1_4' title='bbox 645 244 792 289; x_wconf 79' lang='lat' dir='ltr'>Valck.</span> <span class='ocrx_word' id='word_1_5' title='bbox 819 260 861 304; x_wconf 93' lang='lat' dir='ltr'><em>p.</em></span> <span class='ocrx_word' id='word_1_6' title='bbox 891 244 982 291; x_wconf 86' lang='lat'><em>86:</em></span> <span class='ocrx_word' id='word_1_7' title='bbox 1010 235 1149 288; x_wconf 81' lang='grc' dir='ltr'><em>κύειν</em></span> <span class='ocrx_word' id='word_1_8' title='bbox 1175 237 1262 300; x_wconf 80' lang='grc' dir='ltr'><em>μὲν</em></span> <span class='ocrx_word' id='word_1_9' title='bbox 1289 232 1342 288; x_wconf 88' lang='grc' dir='ltr'><em>τὸ</em></span> <span class='ocrx_word' id='word_1_10' title='bbox 1369 239 1549 302; x_wconf 75' lang='grc' dir='ltr'><em>ἔγκυον</em></span> <span class='ocrx_word' id='word_1_11' title='bbox 1576 235 1717 302; x_wconf 86' lang='grc' dir='ltr'><em>εἶναι,</em></span> <span class='ocrx_word' id='word_1_12' title='bbox 1744 241 1842 290; x_wconf 82' lang='grc' dir='ltr'><em>τίκ-</em></span> 
     </span>
     <span class='ocr_line' id='line_1_3' title="bbox 252 304 1840 405; baseline 0.001 -48"><span class='ocrx_word' id='word_1_13' title='bbox 252 327 353 358; x_wconf 78' lang='grc' dir='ltr'><em>τειν</em></span> <span class='ocrx_word' id='word_1_14' title='bbox 388 310 450 405; x_wconf 50' lang='grc' dir='ltr'><em>δὲ(</em></span> <span class='ocrx_word' id='word_1_15' title='bbox 476 305 528 358; x_wconf 87' lang='grc' dir='ltr'><em>τὸ</em></span> <span class='ocrx_word' id='word_1_16' title='bbox 564 304 951 358; x_wconf 80' lang='grc' dir='ltr'><em>απαλλαττεσθαι</em></span> <span class='ocrx_word' id='word_1_17' title='bbox 988 311 1075 357; x_wconf 85' lang='grc' dir='ltr'><em>τοῦ</em></span> <span class='ocrx_word' id='word_1_18' title='bbox 1110 306 1267 359; x_wconf 80' lang='grc' dir='ltr'><em>κύει.·ν</em></span> <span class='ocrx_word' id='word_1_19' title='bbox 1332 308 1610 375; x_wconf 78' lang='grc' dir='ltr'><em>Εὐριπίδης</em></span> <span class='ocrx_word' id='word_1_20' title='bbox 1652 310 1701 359; x_wconf 80' lang='grc' dir='ltr'><em>ἓν</em></span> <span class='ocrx_word' id='word_1_21' title='bbox 1730 305 1840 359; x_wconf 79' lang='lat' dir='ltr'><em>&#39;Av-</em></span> 
     </span>
     <span class='ocr_line' id='line_1_4' title="bbox 252 370 1840 446; baseline 0.002 -19"><span class='ocrx_word' id='word_1_22' title='bbox 252 375 401 446; x_wconf 81' lang='grc' dir='ltr'><em>τιόπῃ</em></span> <span class='ocrx_word' id='word_1_23' title='bbox 437 375 647 428; x_wconf 62' lang='grc' dir='ltr'><em>οκύουσα</em></span> <span class='ocrx_word' id='word_1_24' title='bbox 681 382 852 428; x_wconf 83' lang='grc' dir='ltr'><em>τίκτω’</em></span> <span class='ocrx_word' id='word_1_25' title='bbox 891 376 1078 428; x_wconf 65' lang='grc' dir='ltr'><em>εἶπεν*ε</em></span> <span class='ocrx_word' id='word_1_26' title='bbox 1092 370 1225 441; x_wconf 82' lang='grc' dir='ltr'><em>ἡνίκ’</em></span> <span class='ocrx_word' id='word_1_27' title='bbox 1273 371 1463 444; x_wconf 82' lang='grc' dir='ltr'>ἠγόμην</span> <span class='ocrx_word' id='word_1_28' title='bbox 1510 378 1707 430; x_wconf 50' lang='grc' dir='ltr'><em>πάλιν.</em></span> <span class='ocrx_word' id='word_1_29' title='bbox 1766 385 1840 430; x_wconf 82' lang='lat' dir='ltr'><em>ubi</em></span> 
     </span>
     <span class='ocr_line' id='line_1_5' title="bbox 250 443 1842 514; baseline 0.002 -17"><span class='ocrx_word' id='word_1_30' title='bbox 250 450 394 498; x_wconf 83' lang='grc' dir='ltr'><strong><em>τίκτω</em></strong></span> <span class='ocrx_word' id='word_1_31' title='bbox 429 443 477 498; x_wconf 80' lang='grc' dir='ltr'><em>θ’</em></span> <span class='ocrx_word' id='word_1_32' title='bbox 517 462 559 498; x_wconf 86' lang='lat' dir='ltr'><em>et</em></span> <span class='ocrx_word' id='word_1_33' title='bbox 593 448 741 497; x_wconf 75' lang='grc' dir='ltr'><em>πάλαι</em></span> <span class='ocrx_word' id='word_1_34' title='bbox 779 456 968 500; x_wconf 76' lang='lat' dir='ltr'>coniecit</span> <span class='ocrx_word' id='word_1_35' title='bbox 1008 452 1462 500; x_wconf 73' lang='lat' dir='ltr'>Valck.Eust¹1hius</span> <span class='ocrx_word' id='word_1_36' title='bbox 1499 454 1576 499; x_wconf 85' lang='lat' dir='ltr'><em>Od.</em></span> <span class='ocrx_word' id='word_1_37' title='bbox 1617 469 1658 514; x_wconf 91' lang='lat' dir='ltr'><strong>p</strong></span> <span class='ocrx_word' id='word_1_38' title='bbox 1690 455 1842 512; x_wconf 87' lang='lat'>1799,</span> 
     </span>
     <span class='ocr_line' id='line_1_6' title="bbox 191 513 1842 585; baseline -0.001 -16"><span class='ocrx_word' id='word_1_39' title='bbox 191 557 194 559; x_wconf 85' lang='lat'>-</span> <span class='ocrx_word' id='word_1_40' title='bbox 252 523 341 569; x_wconf 85' lang='lat'><em>54:</em></span> <span class='ocrx_word' id='word_1_41' title='bbox 379 519 460 567; x_wconf 81' lang='grc' dir='ltr'><em>καὶ</em></span> <span class='ocrx_word' id='word_1_42' title='bbox 490 518 683 585; x_wconf 86' lang='grc' dir='ltr'><em>φέρεται</em></span> <span class='ocrx_word' id='word_1_43' title='bbox 712 520 777 578; x_wconf 79' lang='grc' dir='ltr'><em>εἰς</em></span> <span class='ocrx_word' id='word_1_44' title='bbox 805 521 944 568; x_wconf 84' lang='grc' dir='ltr'><em>τοῦτο</em></span> <span class='ocrx_word' id='word_1_45' title='bbox 970 521 1140 582; x_wconf 78' lang='grc' dir='ltr'><em>χρῆσις</em></span> <span class='ocrx_word' id='word_1_46' title='bbox 1181 516 1226 579; x_wconf 81' lang='grc' dir='ltr'><em>ἐξ</em></span> <span class='ocrx_word' id='word_1_47' title='bbox 1249 513 1505 584; x_wconf 81' lang='grc' dir='ltr'><em>Ἀντιόπης</em></span> <span class='ocrx_word' id='word_1_48' title='bbox 1532 513 1585 567; x_wconf 88' lang='grc' dir='ltr'><em>τὸ</em></span> <span class='ocrx_word' id='word_1_49' title='bbox 1623 518 1842 568; x_wconf 80' lang='grc' dir='ltr'><em>κύουσα</em></span> 
     </span>
     <span class='ocr_line' id='line_1_7' title="bbox 251 591 442 638; baseline 0.012 -2"><span class='ocrx_word' id='word_1_50' title='bbox 251 591 442 638; x_wconf 83' lang='grc' dir='ltr'><em>τίκτον’</em></span> 
     </span>
    </p>
   </div>
   <div class='ocr_carea' id='block_1_3' title="bbox 250 714 1838 1265">
    <p class='ocr_par' dir='ltr' id='par_1_3' title="bbox 250 714 1838 1265">
     <span class='ocr_line' id='line_1_8' title="bbox 993 714 1094 766; baseline 0 -1"><span class='ocrx_word' id='word_1_51' title='bbox 993 714 1094 766; x_wconf 72' lang='grc'><em>207</em></span> 
     </span>
     <span class='ocr_line' id='line_1_9' title="bbox 417 800 1596 875; baseline -0.001 -15"><span class='ocrx_word' id='word_1_52' title='bbox 417 811 467 860; x_wconf 78' lang='grc' dir='ltr'><em>εἰ</em></span> <span class='ocrx_word' id='word_1_53' title='bbox 496 801 541 860; x_wconf 77' lang='grc' dir='ltr'><em>δ’</em></span> <span class='ocrx_word' id='word_1_54' title='bbox 576 800 863 875; x_wconf 79' lang='grc' dir='ltr'><em>ἠμελήθην</em></span> <span class='ocrx_word' id='word_1_55' title='bbox 897 806 954 858; x_wconf 80' lang='grc' dir='ltr'><em>ἐκ</em></span> <span class='ocrx_word' id='word_1_56' title='bbox 984 806 1135 860; x_wconf 71' lang='grc' dir='ltr'><em>θεῶν</em></span> <span class='ocrx_word' id='word_1_57' title='bbox 1167 805 1256 858; x_wconf 85' lang='grc' dir='ltr'><em>καὶ</em></span> <span class='ocrx_word' id='word_1_58' title='bbox 1288 800 1433 859; x_wconf 77' lang='grc' dir='ltr'><em>παῖδ’</em></span> <span class='ocrx_word' id='word_1_59' title='bbox 1471 803 1596 873; x_wconf 73' lang='grc' dir='ltr'><em>ἐμώ,</em></span> 
     </span>
     <span class='ocr_line' id='line_1_10' title="bbox 418 887 1690 959; baseline -0.001 -15"><span class='ocrx_word' id='word_1_60' title='bbox 418 895 524 959; x_wconf 71' lang='grc' dir='ltr'><em>ἔχει</em></span> <span class='ocrx_word' id='word_1_61' title='bbox 556 887 719 958; x_wconf 79' lang='grc' dir='ltr'><em>λόγον</em></span> <span class='ocrx_word' id='word_1_62' title='bbox 750 890 839 942; x_wconf 82' lang='grc' dir='ltr'><em>καὶ</em></span> <span class='ocrx_word' id='word_1_63' title='bbox 870 892 1055 943; x_wconf 82' lang='grc' dir='ltr'><em>τοῦτο·</em></span> <span class='ocrx_word' id='word_1_64' title='bbox 1089 889 1197 942; x_wconf 73' lang='grc' dir='ltr'><em>τῶν</em></span> <span class='ocrx_word' id='word_1_65' title='bbox 1228 890 1445 942; x_wconf 74' lang='grc' dir='ltr'><em>πολλῶν</em></span> <span class='ocrx_word' id='word_1_66' title='bbox 1477 892 1690 957; x_wconf 71' lang='grc' dir='ltr'><em>βροτῶν</em></span> 
     </span>
     <span class='ocr_line' id='line_1_11' title="bbox 419 967 1821 1043; baseline 0.001 -17"><span class='ocrx_word' id='word_1_67' title='bbox 419 977 504 1027; x_wconf 81' lang='grc' dir='ltr'><em>ὁεῑ</em></span> <span class='ocrx_word' id='word_1_68' title='bbox 533 972 658 1036; x_wconf 79' lang='grc' dir='ltr'><em>τοὺς</em></span> <span class='ocrx_word' id='word_1_69' title='bbox 688 973 787 1043; x_wconf 76' lang='grc' dir='ltr'><em>μὲν</em></span> <span class='ocrx_word' id='word_1_70' title='bbox 819 971 959 1026; x_wconf 80' lang='grc' dir='ltr'><em>εἶναι</em></span> <span class='ocrx_word' id='word_1_71' title='bbox 992 975 1306 1042; x_wconf 79' lang='grc' dir='ltr'><em>δυστυχεῖς,</em></span> <span class='ocrx_word' id='word_1_72' title='bbox 1337 970 1463 1036; x_wconf 78' lang='grc' dir='ltr'><em>τοὺς</em></span> <span class='ocrx_word' id='word_1_73' title='bbox 1497 967 1542 1026; x_wconf 79' lang='grc' dir='ltr'><em>δ’</em></span> <span class='ocrx_word' id='word_1_74' title='bbox 1577 970 1821 1043; x_wconf 83' lang='grc' dir='ltr'><em>εὐτυχεῖς</em></span> 
     </span>
     <span class='ocr_line' id='line_1_12' title="bbox 353 1055 1838 1129; baseline -0.001 -16"><span class='ocrx_word' id='word_1_75' title='bbox 353 1069 474 1115; x_wconf 78' lang='grc' dir='ltr'>8ῑο1).</span> <span class='ocrx_word' id='word_1_76' title='bbox 504 1070 621 1114; x_wconf 79' lang='lat' dir='ltr'>Flor.</span> <span class='ocrx_word' id='word_1_77' title='bbox 650 1069 732 1125; x_wconf 94' lang='lat'><em>98,</em></span> <span class='ocrx_word' id='word_1_78' title='bbox 771 1069 858 1115; x_wconf 87' lang='lat'><em>38:</em></span> <span class='ocrx_word' id='word_1_79' title='bbox 896 1055 1174 1126; x_wconf 72' lang='grc' dir='ltr'><em>Εὐριπίδου</em></span> <span class='ocrx_word' id='word_1_80' title='bbox 1206 1057 1478 1124; x_wconf 81' lang='grc' dir='ltr'><em>Ἀντιόπης.</em></span> <span class='ocrx_word' id='word_1_81' title='bbox 1533 1063 1660 1127; x_wconf 58' lang='grc' dir='ltr'><em>(ἔχει</em></span> <span class='ocrx_word' id='word_1_82' title='bbox 1696 1062 1838 1129; x_wconf 76' lang='grc' dir='ltr'><em>λόγον</em></span> 
     </span>
     <span class='ocr_line' id='line_1_13' title="bbox 250 1129 1838 1198; baseline 0.001 -16"><span class='ocrx_word' id='word_1_83' title='bbox 250 1165 308 1172; x_wconf 90' lang='lat'><em>-—</em></span> <span class='ocrx_word' id='word_1_84' title='bbox 341 1129 581 1197; x_wconf 73' lang='grc' dir='ltr'><em>εὐτυχεῖς’</em></span> <span class='ocrx_word' id='word_1_85' title='bbox 621 1135 706 1198; x_wconf 85' lang='lat' dir='ltr'><strong>(vs.</strong></span> <span class='ocrx_word' id='word_1_86' title='bbox 737 1138 764 1182; x_wconf 79' lang='lat'>2</span> <span class='ocrx_word' id='word_1_87' title='bbox 803 1147 847 1183; x_wconf 79' lang='lat' dir='ltr'><em>et</em></span> <span class='ocrx_word' id='word_1_88' title='bbox 874 1137 935 1197; x_wconf 84' lang='lat'><em>3).</em></span> <span class='ocrx_word' id='word_1_89' title='bbox 991 1140 1168 1182; x_wconf 76' lang='lat' dir='ltr'>initium</span> <span class='ocrx_word' id='word_1_90' title='bbox 1206 1139 1301 1182; x_wconf 82' lang='lat' dir='ltr'>sine</span> <span class='ocrx_word' id='word_1_91' title='bbox 1339 1146 1498 1197; x_wconf 84' lang='lat' dir='ltr'><strong>poetae</strong></span> <span class='ocrx_word' id='word_1_92' title='bbox 1533 1141 1712 1183; x_wconf 85' lang='lat' dir='ltr'>nomine</span> <span class='ocrx_word' id='word_1_93' title='bbox 1746 1153 1838 1184; x_wconf 87' lang='lat' dir='ltr'>ser-</span> 
     </span>
     <span class='ocr_line' id='line_1_14' title="bbox 250 1198 1835 1265; baseline 0.001 -13"><span class='ocrx_word' id='word_1_94' title='bbox 250 1212 362 1254; x_wconf 78' lang='lat' dir='ltr'>vavit</span> <span class='ocrx_word' id='word_1_95' title='bbox 388 1211 555 1254; x_wconf 80' lang='lat' dir='ltr'>Marcus</span> <span class='ocrx_word' id='word_1_96' title='bbox 582 1211 833 1254; x_wconf 74' lang='lat' dir='ltr'>Antoninus</span> <span class='ocrx_word' id='word_1_97' title='bbox 863 1209 909 1265; x_wconf 88' lang='lat'><em>7,</em></span> <span class='ocrx_word' id='word_1_98' title='bbox 936 1208 1000 1252; x_wconf 89' lang='grc'><em>41</em></span> <span class='ocrx_word' id='word_1_99' title='bbox 1031 1217 1073 1253; x_wconf 76' lang='grc' dir='ltr'><em>ει</em></span> <span class='ocrx_word' id='word_1_100' title='bbox 1097 1210 1177 1265; x_wconf 79' lang='lat'><em>11,</em></span> <span class='ocrx_word' id='word_1_101' title='bbox 1201 1207 1255 1253; x_wconf 90' lang='lat'><em>6:</em></span> <span class='ocrx_word' id='word_1_102' title='bbox 1285 1204 1360 1252; x_wconf 71' lang='lat' dir='ltr'><em>‘et&#39;</em></span> <span class='ocrx_word' id='word_1_103' title='bbox 1384 1198 1422 1249; x_wconf 64' lang='grc' dir='ltr'><em>δ’</em></span> <span class='ocrx_word' id='word_1_104' title='bbox 1452 1232 1514 1238; x_wconf 87' lang='grc'><strong>-</strong></span> <span class='ocrx_word' id='word_1_105' title='bbox 1545 1203 1626 1251; x_wconf 82' lang='grc' dir='ltr'><em>καὶ</em></span> <span class='ocrx_word' id='word_1_106' title='bbox 1654 1206 1835 1253; x_wconf 85' lang='grc' dir='ltr'><strong><em>τοῦτο’.</em></strong></span> 
     </span>
    </p>
   </div>
   <div class='ocr_carea' id='block_1_4' title="bbox 246 1277 1836 1408">
    <p class='ocr_par' dir='ltr' id='par_1_4' title="bbox 246 1277 1836 1408">
     <span class='ocr_line' id='line_1_15' title="bbox 246 1277 1836 1336; baseline 0.002 -17"><span class='ocrx_word' id='word_1_107' title='bbox 246 1294 307 1323; x_wconf 68' lang='grc' dir='ltr'><em>νς.</em></span> <span class='ocrx_word' id='word_1_108' title='bbox 347 1279 376 1325; x_wconf 91' lang='lat'><strong>3</strong></span> <span class='ocrx_word' id='word_1_109' title='bbox 422 1287 540 1324; x_wconf 79' lang='lat' dir='ltr'>extat</span> <span class='ocrx_word' id='word_1_110' title='bbox 583 1281 627 1324; x_wconf 90' lang='lat' dir='ltr'><em>in</em></span> <span class='ocrx_word' id='word_1_111' title='bbox 663 1279 774 1323; x_wconf 84' lang='lat' dir='ltr'>Men.</span> <span class='ocrx_word' id='word_1_112' title='bbox 819 1293 936 1323; x_wconf 89' lang='lat' dir='ltr'>mon.</span> <span class='ocrx_word' id='word_1_113' title='bbox 984 1277 1098 1323; x_wconf 77' lang='lat'><em>125.</em></span> <span class='ocrx_word' id='word_1_114' title='bbox 1146 1278 1333 1322; x_wconf 84' lang='lat' dir='ltr'>eundem</span> <span class='ocrx_word' id='word_1_115' title='bbox 1380 1278 1565 1336; x_wconf 82' lang='lat' dir='ltr'><strong>respicit</strong></span> <span class='ocrx_word' id='word_1_116' title='bbox 1611 1278 1836 1324; x_wconf 85' lang='lat' dir='ltr'><strong>Hierocles</strong></span> 
     </span>
     <span class='ocr_line' id='line_1_16' title="bbox 247 1348 556 1408; baseline 0 -15"><span class='ocrx_word' id='word_1_117' title='bbox 247 1348 380 1394; x_wconf 81' lang='lat' dir='ltr'>Gaiss.</span> <span class='ocrx_word' id='word_1_118' title='bbox 407 1364 450 1408; x_wconf 89' lang='lat' dir='ltr'><em>p.</em></span> <span class='ocrx_word' id='word_1_119' title='bbox 479 1349 556 1395; x_wconf 85' lang='lat'><em>69.</em></span> 
     </span>
    </p>
   </div>
   <div class='ocr_carea' id='block_1_5' title="bbox 413 1482 1709 1643">
    <p class='ocr_par' dir='ltr' id='par_1_5' title="bbox 413 1482 1709 1643">
     <span class='ocr_line' id='line_1_17' title="bbox 992 1482 1092 1533; baseline 0.01 -1"><span class='ocrx_word' id='word_1_120' title='bbox 992 1482 1092 1533; x_wconf 73' lang='lat'><em>208</em></span> 
     </span>
     <span class='ocr_line' id='line_1_18' title="bbox 413 1569 1709 1643; baseline -0.001 -15"><span class='ocrx_word' id='word_1_121' title='bbox 413 1569 477 1628; x_wconf 78' lang='grc' dir='ltr'><em>οὐ</em></span> <span class='ocrx_word' id='word_1_122' title='bbox 510 1578 873 1643; x_wconf 76' lang='grc' dir='ltr'><em>σωφρονίζειν</em></span> <span class='ocrx_word' id='word_1_123' title='bbox 905 1577 1137 1642; x_wconf 77' lang='grc' dir='ltr'><em>ἔμαθον·</em></span> <span class='ocrx_word' id='word_1_124' title='bbox 1190 1575 1472 1626; x_wconf 73' lang='grc' dir='ltr'><em>αἰδεῖσθαι</em></span> <span class='ocrx_word' id='word_1_125' title='bbox 1505 1572 1564 1626; x_wconf 70' lang='grc' dir='ltr'><em>δὲ</em></span> <span class='ocrx_word' id='word_1_126' title='bbox 1591 1569 1709 1642; x_wconf 89' lang='grc' dir='ltr'><em>χρή,</em></span> 
     </span>
    </p>
   </div>
   <div class='ocr_carea' id='block_1_6' title="bbox 347 1654 1642 1810">
    <p class='ocr_par' dir='ltr' id='par_1_6' title="bbox 347 1654 1642 1810">
     <span class='ocr_line' id='line_1_19' title="bbox 413 1654 1642 1726; baseline -0.001 -15"><span class='ocrx_word' id='word_1_127' title='bbox 413 1656 595 1725; x_wconf 79' lang='grc' dir='ltr'><em>γύναι,</em></span> <span class='ocrx_word' id='word_1_128' title='bbox 627 1656 684 1711; x_wconf 84' lang='grc' dir='ltr'><em>τὸ</em></span> <span class='ocrx_word' id='word_1_129' title='bbox 717 1663 842 1710; x_wconf 89' lang='grc' dir='ltr'><em>λίαν</em></span> <span class='ocrx_word' id='word_1_130' title='bbox 874 1657 963 1710; x_wconf 83' lang='grc' dir='ltr'><em>καὶ</em></span> <span class='ocrx_word' id='word_1_131' title='bbox 997 1655 1379 1726; x_wconf 73' lang='grc' dir='ltr'><em>φυλάσσεσθαι</em></span> <span class='ocrx_word' id='word_1_132' title='bbox 1410 1654 1642 1725; x_wconf 83' lang='grc' dir='ltr'><em>φθόνον.</em></span> 
     </span>
     <span class='ocr_line' id='line_1_20' title="bbox 347 1752 842 1810; baseline -0.006 -11"><span class='ocrx_word' id='word_1_133' title='bbox 347 1753 471 1799; x_wconf 74' lang='lat' dir='ltr'>Slob.</span> <span class='ocrx_word' id='word_1_134' title='bbox 501 1753 617 1798; x_wconf 83' lang='lat' dir='ltr'>Flor.</span> <span class='ocrx_word' id='word_1_135' title='bbox 650 1752 731 1810; x_wconf 79' lang='grc'><em>74,</em></span> <span class='ocrx_word' id='word_1_136' title='bbox 763 1753 842 1798; x_wconf 89' lang='grc'><em>18.</em></span> 
     </span>
    </p>
   </div>
   <div class='ocr_carea' id='block_1_7' title="bbox 242 1888 1828 2514">
    <p class='ocr_par' dir='ltr' id='par_1_7' title="bbox 348 1888 1828 2302">
     <span class='ocr_line' id='line_1_21' title="bbox 985 1888 1088 1939; baseline 0.019 -2"><span class='ocrx_word' id='word_1_137' title='bbox 985 1888 1088 1939; x_wconf 76' lang='grc'><em>209</em></span> 
     </span>
     <span class='ocr_line' id='line_1_22' title="bbox 828 1973 1478 2051; baseline 0 -19"><span class='ocrx_word' id='word_1_138' title='bbox 828 1973 957 2032; x_wconf 75' lang='grc' dir='ltr'><em>οὐδὲ</em></span> <span class='ocrx_word' id='word_1_139' title='bbox 988 1977 1090 2047; x_wconf 83' lang='grc' dir='ltr'><em>γὰρ</em></span> <span class='ocrx_word' id='word_1_140' title='bbox 1125 1986 1303 2051; x_wconf 79' lang='grc' dir='ltr'><em>λαθρα</em></span> <span class='ocrx_word' id='word_1_141' title='bbox 1335 1981 1478 2032; x_wconf 78' lang='grc' dir='ltr'><em>δοκῶ</em></span> 
     </span>
     <span class='ocr_line' id='line_1_23' title="bbox 410 2057 1612 2132; baseline -0.001 -16"><span class='ocrx_word' id='word_1_142' title='bbox 410 2060 589 2132; x_wconf 81' lang='grc' dir='ltr'><em>φωτὸς</em></span> <span class='ocrx_word' id='word_1_143' title='bbox 620 2059 927 2131; x_wconf 81' lang='grc' dir='ltr'><em>κακούργου</em></span> <span class='ocrx_word' id='word_1_144' title='bbox 959 2057 1179 2132; x_wconf 78' lang='grc' dir='ltr'><em>σχήματ’</em></span> <span class='ocrx_word' id='word_1_145' title='bbox 1216 2061 1612 2131; x_wconf 75' lang='grc' dir='ltr'><em>ἑκμιμουμενον</em></span> 
     </span>
     <span class='ocr_line' id='line_1_24' title="bbox 411 2141 1727 2216; baseline 0 -16"><span class='ocrx_word' id='word_1_146' title='bbox 411 2147 494 2200; x_wconf 85' lang='grc' dir='ltr'><em>σοὶ</em></span> <span class='ocrx_word' id='word_1_147' title='bbox 526 2141 659 2215; x_wconf 83' lang='grc' dir='ltr'><em>Ζῆν’</em></span> <span class='ocrx_word' id='word_1_148' title='bbox 695 2149 746 2210; x_wconf 84' lang='grc' dir='ltr'><em>ἐς</em></span> <span class='ocrx_word' id='word_1_149' title='bbox 780 2141 950 2215; x_wconf 81' lang='grc' dir='ltr'><em>εὐνὴν</em></span> <span class='ocrx_word' id='word_1_150' title='bbox 983 2142 1164 2214; x_wconf 76' lang='grc' dir='ltr'><em>ὥσπερ</em></span> <span class='ocrx_word' id='word_1_151' title='bbox 1196 2142 1496 2216; x_wconf 77' lang='grc' dir='ltr'><em>ἄνθρωπον</em></span> <span class='ocrx_word' id='word_1_152' title='bbox 1525 2152 1727 2215; x_wconf 83' lang='grc' dir='ltr'><em>μολεῖν.</em></span> 
     </span>
     <span class='ocr_line' id='line_1_25' title="bbox 348 2241 1828 2302; baseline 0.001 -16"><span class='ocrx_word' id='word_1_153' title='bbox 348 2242 546 2287; x_wconf 73' lang='lat' dir='ltr'>Clemens</span> <span class='ocrx_word' id='word_1_154' title='bbox 574 2242 693 2287; x_wconf 80' lang='lat' dir='ltr'>Alex.</span> <span class='ocrx_word' id='word_1_155' title='bbox 723 2242 885 2287; x_wconf 80' lang='lat' dir='ltr'>Strom.</span> <span class='ocrx_word' id='word_1_156' title='bbox 915 2242 947 2284; x_wconf 94' lang='lat' dir='ltr'>V</span> <span class='ocrx_word' id='word_1_157' title='bbox 974 2257 1017 2302; x_wconf 88' lang='lat' dir='ltr'><em>p.</em></span> <span class='ocrx_word' id='word_1_158' title='bbox 1050 2242 1147 2287; x_wconf 85' lang='lat'><em>715</em></span> <span class='ocrx_word' id='word_1_159' title='bbox 1176 2256 1240 2300; x_wconf 88' lang='lat' dir='ltr'><em>sq.</em></span> <span class='ocrx_word' id='word_1_160' title='bbox 1279 2241 1457 2296; x_wconf 84' lang='lat' dir='ltr'>(Euseb.</span> <span class='ocrx_word' id='word_1_161' title='bbox 1487 2242 1555 2286; x_wconf 82' lang='lat' dir='ltr'><em>Pr.</em></span> <span class='ocrx_word' id='word_1_162' title='bbox 1586 2242 1629 2286; x_wconf 88' lang='lat' dir='ltr'><em>E.</em></span> <span class='ocrx_word' id='word_1_163' title='bbox 1659 2257 1700 2302; x_wconf 89' lang='lat' dir='ltr'><em>p.</em></span> <span class='ocrx_word' id='word_1_164' title='bbox 1729 2241 1828 2288; x_wconf 87' lang='grc'><em>679</em></span> 
     </span>
    </p>

    <p class='ocr_par' dir='ltr' id='par_1_8' title="bbox 242 2303 1828 2514">
     <span class='ocr_line' id='line_1_26' title="bbox 244 2303 1828 2367; baseline 0 -12"><span class='ocrx_word' id='word_1_165' title='bbox 244 2313 312 2367; x_wconf 86' lang='lat' dir='ltr'><em>D):</em></span> <span class='ocrx_word' id='word_1_166' title='bbox 364 2304 546 2356; x_wconf 76' lang='grc' dir='ltr'><em>οὔκουν</em></span> <span class='ocrx_word' id='word_1_167' title='bbox 592 2307 660 2355; x_wconf 74' lang='grc' dir='ltr'><em>ἔτι</em></span> <span class='ocrx_word' id='word_1_168' title='bbox 705 2303 826 2355; x_wconf 70' lang='grc' dir='ltr'><em>κατὰ</em></span> <span class='ocrx_word' id='word_1_169' title='bbox 870 2303 959 2367; x_wconf 79' lang='grc' dir='ltr'><em>τήν</em></span> <span class='ocrx_word' id='word_1_170' title='bbox 1002 2309 1196 2356; x_wconf 79' lang='grc' dir='ltr'><em>πολλῶν</em></span> <span class='ocrx_word' id='word_1_171' title='bbox 1240 2304 1385 2366; x_wconf 75' lang='grc' dir='ltr'><em>δόξαν</em></span> <span class='ocrx_word' id='word_1_172' title='bbox 1426 2306 1534 2367; x_wconf 85' lang='grc' dir='ltr'><em>περὶ</em></span> <span class='ocrx_word' id='word_1_173' title='bbox 1581 2308 1665 2355; x_wconf 86' lang='grc' dir='ltr'><em>τοῦ</em></span> <span class='ocrx_word' id='word_1_174' title='bbox 1708 2308 1828 2355; x_wconf 84' lang='grc' dir='ltr'><em>θεοῦ</em></span> 
     </span>
     <span class='ocr_line' id='line_1_27' title="bbox 242 2370 1827 2441; baseline -0.001 -16"><span class='ocrx_word' id='word_1_175' title='bbox 242 2378 400 2438; x_wconf 79' lang='grc' dir='ltr'><em>(θείου</em></span> <span class='ocrx_word' id='word_1_176' title='bbox 427 2381 604 2437; x_wconf 84' lang='lat' dir='ltr'>Euseb.)</span> <span class='ocrx_word' id='word_1_177' title='bbox 630 2375 952 2440; x_wconf 80' lang='grc' dir='ltr'><em>ὑποληπτέον.</em></span> <span class='ocrx_word' id='word_1_178' title='bbox 995 2383 1007 2404; x_wconf 89' lang='lat'><em>‘</em></span> <span class='ocrx_word' id='word_1_179' title='bbox 1025 2371 1137 2426; x_wconf 76' lang='grc' dir='ltr'><em>οὐδὲ</em></span> <span class='ocrx_word' id='word_1_180' title='bbox 1163 2372 1252 2441; x_wconf 76' lang='grc' dir='ltr'><em>γάρ</em></span> <span class='ocrx_word' id='word_1_181' title='bbox 1282 2407 1343 2413; x_wconf 90' lang='grc'><strong>-</strong></span> <span class='ocrx_word' id='word_1_182' title='bbox 1373 2379 1586 2440; x_wconf 85' lang='grc' dir='ltr'><em>μολεῑν’,</em></span> <span class='ocrx_word' id='word_1_183' title='bbox 1608 2370 1827 2440; x_wconf 86' lang='grc' dir='ltr'><em>Ἀμφίων</em></span> 
     </span>
     <span class='ocr_line' id='line_1_28' title="bbox 242 2441 718 2514; baseline -0.002 -20"><span class='ocrx_word' id='word_1_184' title='bbox 242 2449 363 2513; x_wconf 81' lang='grc' dir='ltr'><em>λέγει</em></span> <span class='ocrx_word' id='word_1_185' title='bbox 393 2449 450 2514; x_wconf 81' lang='grc' dir='ltr'><em>τῇ</em></span> <span class='ocrx_word' id='word_1_186' title='bbox 472 2441 718 2513; x_wconf 82' lang='grc' dir='ltr'><em>Ἀντιόπῃ.</em></span> 
     </span>
    </p>
   </div>
   <div class='ocr_carea' id='block_1_8' title="bbox 409 2587 1595 2747">
    <p class='ocr_par' dir='ltr' id='par_1_9' title="bbox 409 2587 1595 2747">
     <span class='ocr_line' id='line_1_29' title="bbox 982 2587 1085 2638; baseline 0 0"><span class='ocrx_word' id='word_1_187' title='bbox 982 2587 1085 2638; x_wconf 77' lang='grc'><em>210</em></span> 
     </span>
     <span class='ocr_line' id='line_1_30' title="bbox 409 2672 1595 2747; baseline -0.001 -17"><span class='ocrx_word' id='word_1_188' title='bbox 409 2699 515 2747; x_wconf 84' lang='grc' dir='ltr'><em>φευ</em></span> <span class='ocrx_word' id='word_1_189' title='bbox 547 2680 672 2747; x_wconf 83' lang='grc' dir='ltr'><em>φεῦ,</em></span> <span class='ocrx_word' id='word_1_190' title='bbox 705 2681 968 2746; x_wconf 77' lang='grc' dir='ltr'><em>βροτείων</em></span> <span class='ocrx_word' id='word_1_191' title='bbox 998 2675 1258 2747; x_wconf 77' lang='grc' dir='ltr'><em>πημάτων</em></span> <span class='ocrx_word' id='word_1_192' title='bbox 1289 2674 1410 2731; x_wconf 79' lang='grc' dir='ltr'><em>ὅσαι</em></span> <span class='ocrx_word' id='word_1_193' title='bbox 1440 2672 1595 2746; x_wconf 82' lang='grc' dir='ltr'><em>τύχαι</em></span> 
     </span>
    </p>
   </div>
   <div class='ocr_carea' id='block_1_9' title="bbox 348 2755 1751 2915">
    <p class='ocr_par' dir='ltr' id='par_1_10' title="bbox 348 2755 1751 2915">
     <span class='ocr_line' id='line_1_31' title="bbox 408 2755 1685 2830; baseline -0.002 -16"><span class='ocrx_word' id='word_1_194' title='bbox 408 2757 530 2816; x_wconf 78' lang='grc' dir='ltr'><em>ὅσαι</em></span> <span class='ocrx_word' id='word_1_195' title='bbox 561 2781 618 2814; x_wconf 87' lang='grc' dir='ltr'><em>τε</em></span> <span class='ocrx_word' id='word_1_196' title='bbox 647 2767 878 2830; x_wconf 85' lang='grc' dir='ltr'><em>μορφαί·</em></span> <span class='ocrx_word' id='word_1_197' title='bbox 912 2762 1077 2830; x_wconf 74' lang='grc' dir='ltr'><em>τέρμα</em></span> <span class='ocrx_word' id='word_1_198' title='bbox 1112 2758 1154 2814; x_wconf 79' lang='grc' dir='ltr'><em>δ’</em></span> <span class='ocrx_word' id='word_1_199' title='bbox 1192 2758 1291 2816; x_wconf 75' lang='grc' dir='ltr'><em>οὐκ</em></span> <span class='ocrx_word' id='word_1_200' title='bbox 1324 2769 1463 2814; x_wconf 73' lang='grc' dir='ltr'><em>εἴποι</em></span> <span class='ocrx_word' id='word_1_201' title='bbox 1495 2782 1572 2823; x_wconf 87' lang='grc' dir='ltr'><em>τις</em></span> <span class='ocrx_word' id='word_1_202' title='bbox 1602 2755 1685 2812; x_wconf 74' lang='grc' dir='ltr'><em>ἄν.</em></span> 
     </span>
     <span class='ocr_line' id='line_1_32' title="bbox 348 2854 1751 2915; baseline -0.001 -15"><span class='ocrx_word' id='word_1_203' title='bbox 348 2856 470 2902; x_wconf 70' lang='lat' dir='ltr'><strong>stol).</strong></span> <span class='ocrx_word' id='word_1_204' title='bbox 497 2857 615 2902; x_wconf 85' lang='lat' dir='ltr'>Flor.</span> <span class='ocrx_word' id='word_1_205' title='bbox 645 2855 727 2915; x_wconf 89' lang='lat'><em>98,</em></span> <span class='ocrx_word' id='word_1_206' title='bbox 755 2856 820 2903; x_wconf 87' lang='grc'><em>34</em></span> <span class='ocrx_word' id='word_1_207' title='bbox 849 2864 892 2901; x_wconf 81' lang='lat' dir='ltr'><em>et</em></span> <span class='ocrx_word' id='word_1_208' title='bbox 918 2856 1116 2902; x_wconf 81' lang='lat' dir='ltr'>Clemens</span> <span class='ocrx_word' id='word_1_209' title='bbox 1144 2857 1266 2902; x_wconf 78' lang='lat' dir='ltr'><strong>Alex.</strong></span> <span class='ocrx_word' id='word_1_210' title='bbox 1295 2856 1455 2901; x_wconf 73' lang='lat' dir='ltr'>Strom.</span> <span class='ocrx_word' id='word_1_211' title='bbox 1483 2855 1534 2900; x_wconf 94' lang='lat' dir='ltr'><em>lll</em></span> <span class='ocrx_word' id='word_1_212' title='bbox 1561 2869 1606 2915; x_wconf 90' lang='lat' dir='ltr'><em>p.</em></span> <span class='ocrx_word' id='word_1_213' title='bbox 1635 2854 1751 2900; x_wconf 85' lang='lat'>521.</span> 
     </span>
    </p>
   </div>
   <div class='ocr_carea' id='block_1_10' title="bbox 2002 0 2077 3139">
    <p class='ocr_par' dir='ltr' id='par_1_11' title="bbox 2002 0 2077 3139">
     <span class='ocr_line' id='line_1_33' title="bbox 2002 0 2077 3139; baseline 0 0"><span class='ocrx_word' id='word_1_214' title='bbox 2002 0 2077 3139; x_wconf 95' lang='lat' dir='ltr'><em> </em></span> 
     </span>
    </p>
   </div>
  </div>
 </body>
</html>
