2077 3139
343 138 446 190 222
932 140 1344 181 ΦΙΛΟΚΤΗΤΗΣ

344 298 415 341 φα
440 309 510 316 -
534 281 577 339 ξε
559 279 664 327 ε”νε
732 296 889 328 versus
916 283 1003 329 huc
1038 283 1205 328 relatus
1234 290 1302 328 est
1340 283 1581 328 secundum
1607 283 1757 350 Dipnis
1782 283 1937 345 Chrys.

344 354 473 399 verba
502 353 586 411 59,
617 354 702 399 11:
731 349 940 414 δυσχερῆ
962 367 1015 414 γε
1041 343 1142 413 μὴν
1166 343 1393 397 τᾶνδον
1371 346 1606 413 οράματα,
1635 369 1670 398 ω
1703 348 1823 409 ξένε.

1098 473 1199 524 789

512 559 652 634 ἅλις,
686 555 727 618 ὦ
759 561 937 635 βιοτά·
973 564 1216 633 πέραινε,
1250 568 1382 634 πρίν
1412 587 1533 618 τινα
1566 567 1866 634 συντυχίαν

511 643 544 717 ἢ
574 646 890 704 κτεάτεσσιν
933 649 1079 719 ἐμοῖς
1111 643 1143 719 ἦ
1177 645 1383 719 σώματι
1415 650 1557 722 τῷδε
1588 650 1863 717 γενέσθαι.

448 744 574 790 stol).
602 745 722 791 F10r.
752 745 868 804 120,
899 745 978 792 10.

511 925 801 998 φαγέδαιν’
839 925 931 984 ἀεί
956 951 1061 999 μου
1093 926 1268 998 σάρκα
1298 932 1552 984 θοινᾶται
1583 925 1749 990 ποδός

446 1026 634 1070 Aristot.
664 1026 787 1073 Poet.
827 1041 863 1071 c.
895 1025 959 1070 22
996 1041 1039 1085 p.
1073 1024 1253 1071 1458b
1281 1014 1468 1071 23:16
1496 1012 1614 1068 αὐτὸ
1642 1016 1937 1081 ποιήσαντος

344 1089 562 1155 ἰαμβεῖον
587 1087 835 1171 Αἰσχύλου
869 1091 951 1139 καὶ
978 1085 1325 1153 Εὐριπίδου,
1321 1091 1373 1138 ἐν
1400 1089 1452 1139 δὲ
1485 1087 1636 1152 μόιον
1672 1087 1825 1150 ὄνομα
1858 1107 1935 1151 με·

342 1160 577 1220 ταθέντος
611 1154 721 1209 αντὶ
756 1164 929 1224 κυρίου
963 1158 1198 1219 εἰωθότος
1223 1161 1468 1239 γλῶτταν,
1506 1159 1559 1209 τὸ
1588 1158 1677 1222 μὲν
1712 1161 1937 1220 φαίνεται

344 1225 607 1292 καλόν,τὸ
636 1224 684 1279 δ’
722 1224 917 1291 ευτελές.
972 1229 1215 1295 Αἰσχύλος
1240 1229 1329 1294 μὲν
1354 1250 1447 1295 γαρ
1483 1229 1534 1278 ἐν
1561 1234 1629 1297 τῷ
1658 1225 1937 1311 Φιλοκτήτῃ

343 1299 533 1362 εποίησε
560 1296 909 1366 ’φαγέδαινα
888 1298 921 1366 η’
946 1320 1038 1365 μου
1067 1297 1250 1362 σοι’ρκας
1279 1300 1434 1350 ἐσθίει
1461 1282 1638 1358 ποδός’
1645 1335 1657 1360 ,
1696 1295 1721 1346 ὃ
1749 1298 1799 1348 δὲ
1824 1291 1935 1348 ἀντὶ

341 1372 429 1420 τοῦ
455 1371 608 1420 ἐσθίει
634 1367 685 1420 τὸ
711 1374 942 1421 θοινᾶται
968 1371 1253 1436 μετέθηκεν.

1099 1482 1195 1534 791

506 1571 770 1645 μακάριος
801 1572 946 1639 ὅστις
979 1570 1226 1644 εὐτυχῶν
1256 1580 1396 1627 οἴκοι
1426 1572 1602 1643 με’νει·

510 1661 569 1713 ἐν
600 1662 669 1730 γῇ
701 1656 750 1713 δ’
788 1653 815 1713 ὁ
847 1656 1066 1729 φόρτος,
1101 1657 1191 1712 καὶ
1223 1653 1390 1711 πάλιν
1428 1661 1790 1711 ναυτίλλεται.

445 1754 570 1800 Stoh.
611 1755 729 1801 Flor.
764 1754 856 1812 59,
899 1755 976 1801 18.
1030 1770 1093 1800 vs.
1133 1756 1156 1799 1
1198 1755 1391 1799 asserunt
1425 1752 1550 1799 Stob.
1580 1752 1698 1797 Flor.
1739 1751 1831 1809 39,
1870 1751 1932 1797 13

340 1832 385 1870 et
410 1825 545 1870 Clem.
573 1825 695 1870 Alex.
723 1825 887 1870 Strom.
917 1825 968 1869 VI
994 1840 1035 1885 p.
1067 1824 1182 1871 739.

1106 1932 1206 1983 792

506 2020 666 2094 ὁρᾶτε
701 2018 753 2077 δ’
789 2018 860 2087 [ὃς
892 2018 995 2077 κᾶν
1026 2032 1206 2078 θεοῖσι
1239 2024 1551 2089 κερδαίνειν
1580 2016 1777 2089 καλόν,

507 2104 842 2178 θαυμάζεται
876 2104 923 2160 δ’
960 2104 987 2161 ὁ
1020 2113 1277 2161 πλεῖστον
1310 2108 1369 2160 ἐν
1399 2116 1550 2167 ναοῖς
1584 2110 1721 2174 ἔχων

507 2188 726 2262 χρυσόν.
788 2196 844 2245 τί
872 2195 1007 2260 δῆτα
1039 2191 1128 2244 καὶ
1161 2190 1219 2244 σὲ
1251 2185 1450 2243 κωλύει
1488 2192 1680 2257 λαβεῖν

509 2276 720 2344 κέρδος,
752 2272 932 2343 παρόν
962 2296 1021 2344 γε
1052 2271 1480 2344 καξομοιοῦσθαι
1510 2280 1692 2335 θεοῖς·
1680 2315 1693 2336 ,

444 2371 640 2416 lustinus
678 2372 803 2416 Mart.
840 2372 894 2416 de
926 2371 1182 2417 monalchia
1220 2385 1255 2416 c.
1285 2370 1339 2416 5:
1377 2363 1428 2413 ἐν
1470 2359 1752 2447 Φιλοκτήτῃ
1786 2366 1930 2427 (prae-

340 2441 455 2488 cedit
478 2440 628 2486 Phrixi
655 2440 799 2499 locus)
828 2434 1088 2500 ‘690118—
1110 2440 1291 2495 θεοῖς’.
1331 2455 1396 2485 vs.
1427 2439 1452 2484 1
1482 2431 1572 2500 όρα
1597 2429 1699 2482 τόδ’
1731 2438 1927 2482 Bothius.

1084 2547 1184 2599 793

507 2642 562 2692 τί
592 2641 727 2707 δῆτα
758 2635 950 2702 θάκοις
981 2650 1261 2708 μαντικοῖς
1294 2633 1546 2707 ἐνήμενοι

508 2725 696 2791 σαφῶς
731 2718 1028 2792 διόμνυσθ’
1064 2723 1209 2776 εἰδεί
1203 2745 1268 2775 αι
1298 2718 1362 2775 τὰ
1396 2719 1699 2790 δαιμόνων;

507 2799 575 2859 οὕ
606 2808 783 2859 τῶνδε
814 2802 1169 2877 χειρώνακτες
1201 2802 1489 2874 ἅνθρωποι
1519 2800 1721 2872 λόγων

506 2883 655 2954 ὅστις
687 2887 789 2958 γὰρ
821 2884 979 2960 αὐχεῖ
1005 2892 1155 2944 θεῶν
1189 2891 1517 2944 ἐπίστασθαι
1548 2889 1689 2957 πέρι,
