2077 3139
295 173 401 226 294
887 173 1294 218 INCERTARVM.

1013 311 1146 364 1066

461 400 653 477 τύμβῳ
686 399 792 473 γὰρ
823 397 1007 466 οὐδεὶς
1039 397 1226 465 πιστὸς
1255 398 1573 473 ἀνθρώπων
1601 406 1774 472 φίλος.

401 498 526 544 Stob.
558 499 676 544 Flor.
707 498 823 557 126,
853 499 897 544 1.

1011 618 1143 670 1067

464 706 601 774 Ζεὺς
633 707 734 780 γὰρ
766 706 934 763 κακὸν
964 707 1064 779 μὲν
1104 712 1301 779 Τρωσί,
1335 711 1485 778 πῆμα
1519 703 1570 762 δ’
1595 704 1811 763 Ἑλλάδι

464 794 647 848 θέλων
677 793 937 863 γενέσθαι
965 787 1118 846 ταῦτ’
1153 789 1481 861 ἐβούλευσεν
1511 788 1701 862 πατήρ.

402 889 546 934 Strab.
573 889 627 933 IV
652 903 695 948 p.
727 889 850 935 183.
886 883 1081 964 φθόρον
1111 881 1359 944 Ἑλλήνων
1393 882 1476 932 καὶ
1511 879 1775 949 βαρβαρων
1817 911 1875 922 -

298 947 623 1021 Ευριπίόης’
596 972 747 1017 ανηνε
751 973 865 1019 γκεν
891 955 956 1012 εἰς
982 947 1065 1003 τὸν
1094 955 1212 1002 Δία·
1242 946 1390 1012 Ζευς
1412 983 1483 992 -
1507 950 1716 1018 πατήρζ

1032 1091 1164 1144 1068

464 1181 639 1238 πολὺν
670 1182 770 1253 μὲν
801 1178 1016 1253 ἄροτον,
1051 1183 1303 1237 ἐκπονεῖν
1335 1177 1388 1237 δ’
1423 1178 1488 1237 οὐ
1523 1179 1744 1255 ῥᾴδιον·

465 1273 619 1336 κοίλη
649 1263 753 1337 γὰρ
784 1264 934 1336 ὄρεσι
964 1270 1290 1337 περίδρομος
1320 1264 1542 1337 τραχεῖά
1573 1287 1630 1321 τε

467 1347 822 1420 δυσείσβολός
853 1372 911 1404 τε
941 1354 1215 1420 πολεμίοις
1303 1395 1312 1405 .
1403 1396 1412 1404 .
1504 1395 1514 1404 .
1605 1395 1615 1405 .

471 1479 776 1490 .....
839 1438 1208 1503 καλλίκαρπον
1268 1477 1278 1488 .
1367 1478 1378 1489 .
1467 1477 1478 1489 .

465 1514 804 1587 κατάρρυτόν
833 1538 891 1571 τε
920 1522 1162 1587 μυρίοισι
1192 1514 1394 1587 νάμασι
1728 1531 1758 1573 5

463 1602 553 1655 καὶ
584 1601 745 1670 βουσὶ
776 1601 866 1654 καὶ
897 1606 1211 1670 ποίμναισιν
1236 1596 1629 1670 εὐβοτωτοὲτην,

462 1680 580 1739 οὔτ’
616 1687 675 1739 ἐν
704 1697 926 1739 πνοαῖσι
957 1688 1202 1755 χείματος
1237 1688 1593 1754 δυσχείμερον

461 1764 580 1823 οὔτ’
615 1761 683 1822 αὖ
707 1776 1028 1839 τεθρίπποις
1060 1762 1217 1836 ἡλίου
1246 1764 1462 1838 θερμὴν
1491 1764 1633 1837 ἄγαν

463 1941 620 2005 γαίας
651 1940 929 2005 Λακαίνης
962 1932 1154 2005 κύριον
1183 1932 1399 2006 φαύλου
1430 1931 1631 2005 χθονός

462 2099 662 2172 ἀρετὴν
694 2099 919 2173 ἐχούσης
950 2098 1152 2173 μείζον’
1185 2097 1218 2172 ἢ
1251 2100 1392 2176 λόγῳ
1423 2101 1628 2173 φράσαι
1703 2115 1756 2158 10

460 2433 647 2505 πρόσω
692 2480 703 2492 .
751 2481 761 2492 .
807 2441 1146 2491 ναυτίλοισιν
1232 2480 1244 2491 .
1333 2479 1343 2491 .

459 2518 645 2588 πρόσω
679 2519 738 2574 ὁε
769 2518 927 2589 βαντι
957 2518 1199 2591 ποταμὸν
1222 2520 1368 2584 Ἠλις
1399 2517 1432 2589 ἡ
1463 2515 1598 2584 Διὸς

458 2608 653 2672 γείτων
682 2601 933 2674 καθηται.

397 2711 659 2759 Strab.V111
684 2728 726 2788 p
757 2713 878 2760 366:
915 2708 1023 2773 περὶ
1052 2707 1103 2758 δὲ
1136 2711 1220 2769 τῆς
1253 2706 1442 2771 φύσεως
1467 2711 1564 2757 τῶν
1599 2703 1763 2756 τόπων
1787 2706 1871 2757 καὶ

292 2781 477 2826 τούτων
519 2777 601 2826 καὶ
637 2781 735 2826 τῶν
761 2781 1129 2857 Μεσσηνιακων
1162 2779 1312 2826 ταῦτα
1333 2777 1440 2856 μὲν
1472 2769 1762 2826 ἀποδεκτέον
1798 2777 1869 2826 λε’-

292 2865 461 2926 γοντος
496 2847 793 2911 Εὐριπίδου·
834 2841 920 2911 τὴν
955 2868 1049 2913 γαρ
1075 2841 1381 2909 Λακωνικην
1415 2845 1563 2909 φησὶν
1590 2845 1715 2910 εχειν
1752 2849 1869 2896 επο-

295 2909 473 2967 λυν*
501 2918 774 2984 πολεμίοις’
825 2922 906 2982 (vs.
937 2923 1031 2968 1—
971 2921 1105 2982 —3).
1154 2910 1243 2980 τὴν
1270 2916 1322 2967 δε
1343 2912 1738 2981 Μεσσηνιακηνε
1752 2919 1871 2966 καλ·-
