2077 3139
287 147 395 202 260
891 145 1290 190 INCERTARVM

1040 283 1140 335 917

393 376 617 423 Eratosth.
643 375 807 422 Catast.
838 373 900 420 13
926 374 982 419 de
1009 373 1324 417 Erichthonio:
1348 366 1485 445 λέγει
1522 365 1575 418 δὲ
1608 365 1692 416 καὶ
1728 363 1883 430 Εὐρι-

287 442 435 506 πίςὸη
459 461 516 490 πε
498 441 569 504 ερὶ
605 443 691 502 τῆς
716 439 944 523 γενέσεως
976 431 1128 487 αυτοῦ
1154 432 1239 486 τὸν
1273 432 1454 500 τρόπον
1478 440 1677 487 τοῦτον·
1697 433 1881 500 Ἡφαι-

290 531 404 586 στου
440 511 711 573 ἐρασθέντα
741 504 960 572 Ἀθηνᾶς
996 503 1264 573 βούλεσθαι
1298 502 1423 575 αὐτῇ
1456 510 1684 573 μιγῆναι·
1719 509 1806 569 τῆς
1832 505 1883 555 δὲ

291 577 727 661 ἀποστρεφομένης
754 580 837 629 καὶ
864 575 955 642 τὴν
980 578 1257 640 παρθενίαν
1291 579 1474 640 μᾶλλον
1514 577 1820 661 αἱρουμένης
1829 576 1884 626 ἔν

295 673 394 702 τινι
435 649 566 702 τόπω
602 654 688 713 τῆς
717 646 939 712 Ἀττικης
974 647 1307 709 κρύπτεσθαι,
1344 643 1401 696 ὃν
1446 648 1636 713 λέγουσι
1671 646 1754 696 καὶ
1795 640 1882 695 ἀπ’

291 723 489 781 ἐκείνου
532 723 996 790 προσαγορευθῆναι
1019 716 1296 781 ’Ἡφαιστου
1339 712 1674 781 (Ηφαιστεῑον
1699 719 1884 782 matth).

291 788 345 852 ὃς
403 796 452 856 (f.
506 787 558 852 ὃς
604 791 701 880 δὲ)
741 788 821 840 ὁόῑ
800 811 879 851 ςας
937 783 1094 850 αὐτὴν
1145 786 1402 869 κρατήσειν
1457 790 1539 837 καὶ
1601 787 1886 851 ἐπιθέμενος

288 862 504 927 πληγεὶς
530 856 616 911 υπ’
645 882 793 924 αυτης
816 864 883 927 τῷ
910 855 1077 920 δόρατι
1100 854 1262 921 ἀφῆκε
1284 854 1388 929 τὴν
1412 857 1707 922 ἐπιθυμίαν,
1741 875 1886 921 φερο-

290 934 440 999 μένης
479 934 545 991 εἰς
580 928 671 995 τὴν
704 935 799 1010 γῆν
829 951 914 993 της
948 931 1151 1008 σπορᾶς·
1191 927 1236 988 ἐξ
1269 930 1329 992 ῆς
1362 931 1659 994 γεγενῆσθαι
1700 927 1886 993 λέγουσι

289 1004 472 1061 παῖδα,
518 997 570 1061 ὀς
617 1021 668 1051 εκ
711 997 884 1050 τούτου
922 996 1233 1063 Ἐριχθόνιος
1283 997 1472 1061 ἐκληθη
1520 999 1604 1048 καὶ
1652 995 1887 1060 αὐξηθεὶς

289 1068 440 1123 τοῦθ
481 1071 591 1132 εὗρε
615 1071 699 1121 καὶ
727 1068 1030 1134 εθαυμασθη
1063 1064 1339 1134 ἀγωνιστὴς
1364 1068 1638 1136 γενόμενος.
1688 1073 1886 1132 Hyginus

290 1149 417 1194 Poet.
442 1150 560 1192 Astr.
589 1147 646 1206 2,
675 1147 738 1194 13
764 1161 808 1207 p.
837 1146 961 1193 446:
1000 1147 1057 1192 de
1085 1148 1219 1191 cuius
1253 1148 1480 1205 proyenie
1518 1145 1786 1202 Euripides
1820 1145 1887 1187 ita

290 1221 428 1266 dveit:
479 1218 738 1264 Vulcanum
774 1217 1023 1262 Mmervae
1061 1217 1422 1274 pulchritudine
1467 1218 1688 1273 corporis
1722 1214 1886 1258 induc-

292 1297 386 1335 tum
405 1291 604 1347 petiisse
630 1289 688 1333 ab
716 1301 772 1332 ea
799 1295 850 1332 ut
875 1287 963 1332 sibi
987 1288 1187 1332 nuberet
1212 1299 1364 1345 neque
1390 1288 1684 1343 inpetrasse,
1714 1290 1757 1328 et
1784 1294 1888 1328 coe-

284 1364 421 1419 pisse
447 1358 713 1404 Minervam
748 1371 851 1403 sese
886 1359 1133 1402 occultare
1169 1358 1215 1400 in
1252 1357 1411 1401 eodem
1435 1357 1541 1400 loeo
1577 1358 1658 1414 qui
1682 1358 1892 1411 propter

307 1431 508 1475 Vulcani
549 1441 754 1474 amorem
790 1426 1116 1483 Hephaestius
1151 1432 1219 1471 est
1255 1427 1541 1484 adpellatus.
1600 1438 1691 1483 quo
1723 1435 1888 1480 perse-

292 1506 450 1544 cutum
501 1499 762 1543 Vulcanum
795 1497 966 1556 ferunt
1003 1499 1218 1554 coepisse
1255 1498 1298 1539 ei
1341 1498 1429 1540 vim
1464 1494 1665 1553 adferre
1702 1501 1745 1536 et
1783 1507 1824 1551 q.
1852 1507 1887 1536 s.

296 1568 444 1613 Schol.
473 1568 618 1615 Germ.
647 1564 772 1613 Caes.
802 1570 922 1610 Arat.
950 1581 994 1625 p.
1025 1566 1116 1621 73,
1147 1566 1198 1611 6:
1237 1565 1494 1622 Euripides
1520 1563 1682 1622 refert
1722 1563 1890 1607 Vulca-

294 1654 401 1683 num
438 1638 705 1683 Minervam
739 1639 968 1682 dilexisse
1004 1643 1047 1681 et
1085 1648 1208 1694 quae
1234 1643 1476 1691 secuntur,
1507 1635 1615 1679 dum
1642 1633 1891 1678 Erichtho·

293 1713 402 1754 nius
427 1715 731 1754 nasceretur.

1041 1812 1143 1864 918

466 1903 680 1977 κρήμνη
711 1901 949 1974 σεαυτὴν
983 1905 1038 1957 ἐκ
1069 1904 1236 1975 μέσης
1268 1897 1559 1972 ἆντηρίδος

402 2018 545 2078 Etym
572 2017 625 2061 M.
665 2031 706 2075 p.
737 2015 861 2074 112,
889 2013 978 2061 26:
1014 2011 1213 2074 αντηρίς
1240 2003 1519 2071 ἆντηρίὸος,
1548 2026 1616 2065 ως
1641 1999 1758 2067 παρ’
1790 2000 1891 2054 Εὐ-

299 2084 518 2165 ριπίὸῃ(
534 2078 724 2147 κρήμνη
755 2110 827 2118 -
860 2075 1145 2142 αντηρίὸος’
1151 2119 1161 2129 .
1212 2082 1499 2141 Εῑ)11].61111.
1543 2095 1586 2140 p.
1628 2080 1757 2138 345,
1800 2079 1893 2125 47·

299 2152 525 2216 κρήμνη,
564 2149 626 2211 ὡς
658 2170 756 2213 παρ
815 2143 1116 2215 Ευριπίὸῃ“
1131 2167 1328 2212 κρημνη
1370 2177 1425 2184 -
1467 2146 1637 2211 μέσης’
1645 2185 1656 2195 .
1707 2150 1895 2195 eundem

301 2241 480 2273 xe1sum
508 2241 593 2272 om.
630 2242 673 2287 p.
701 2239 820 2271 nom.
847 2225 1036 2270 afferunt
1063 2222 1282 2268 Choerob.
1312 2223 1450 2282 Epim.
1492 2236 1534 2281 Ρ.
1565 2220 1655 2277 60,
1681 2220 1712 2266 8
1752 2221 1894 2280 Etym.

302 2300 357 2344 M.
387 2313 432 2358 p.
461 2297 590 2346 537
619 2297 685 2343 35
721 2297 847 2341 Eust.
873 2295 922 2340 ll.
958 2309 1003 2354 p.
1032 2294 1150 2347 903
1179 2293 1258 2338 51.
1311 2292 1414 2336 item
1441 2290 1574 2335 verba
1599 2304 1793 2348 νρημνη
1818 2300 1893 2333 σε

302 2364 459 2433 αυτήν
486 2367 608 2412 Eust.
635 2367 684 2412 11.
723 2381 767 2425 p.
794 2365 922 2422 695,
948 2365 1014 2410 43
1042 2379 1086 2423 Ρ.
1118 2361 1268 2420 1003,
1297 2362 1378 2407 24.
1424 2351 1675 2424 Εὐριπίδῃ
1700 2360 1896 2406 sortasse

303 2441 348 2485 in
381 2426 625 2482 Eva-citt&
652 2436 913 2481 mutandum
939 2442 1022 2479 est.

1059 2567 1162 2620 919

471 2659 692 2734 γλώσσῃ
721 2664 1091 2731 ὁιαψαίρουσα
1121 2654 1417 2729 μυκτήρων
1446 2653 1647 2720 τόπους

413 2775 554 2829 etym.
581 2773 635 2818 Μ.
663 2786 707 2831 Ρ.
735 2770 854 2829 272,
884 2772 938 2815 1:
967 2766 1286 2824 διαψαίρουσι
1310 2793 1381 2803 -
1404 2754 1678 2824 Εὐριπίδης
1704 2757 1783 2810 ἐπὶ
1810 2761 1897 2809 τοῦ

308 2844 590 2903 καθαίρειν,
619 2833 725 2887 οἷον
753 2834 976 2903 γλώσσῃ
997 2863 1069 2872 -
1093 2832 1319 2892 τόπους-ἃ
1369 2837 1518 2882 eadem
1545 2835 1636 2880 sere
1662 2835 1770 2881 Zon.
1795 2835 1899 2881 Lex.

310 2931 352 2962 v.
380 2909 711 2975 ὁιαψαίρουσα
736 2926 781 2972 Ρ.
811 2910 925 2957 536.
976 2903 1180 2971 τόπους]
1207 2899 1388 2969 πόρους
1413 2904 1746 2952 ValckenarIus.
