2077 3139
215 127 282 179 26
829 129 1202 170 ANAPOMEAA

215 264 523 346 ε’μονῶδουν
533 284 614 313 και
642 258 733 325 τὴν
760 266 846 314 τοῦ
875 266 1096 329 Περσέως
1123 267 1272 331 ῥησιν
1298 263 1350 314 ἐν
1375 265 1506 330 μέρει
1535 264 1804 334 διεξῄεσαν,

213 334 298 383 καὶ
323 329 471 398 μεστὴ
495 330 556 397 ἠν
579 331 610 397 ἡ
634 331 771 394 πόλις
800 328 967 398 ὠχρῶν
991 331 1223 384 ἁπαντων
1257 335 1338 383 καὶ
1379 338 1565 385 λεπτῶν
1602 341 1698 386 τῶν
1726 337 1804 408 ἕβ-

215 404 476 467 δομαίων’
454 407 656 454 εκείιων
680 405 974 486 τραγῳδῶν,
1012 401 1102 453 εσυ
1130 399 1174 452 δ’
1209 425 1245 454 ω
1270 407 1407 455 θεῶν
1441 405 1651 484 τύραννε
1686 427 1802 454 καν-

211 470 431 540 θρωπων
444 471 632 540 ”Ἐρως
661 474 743 522 καὶ
771 495 828 522 τα
854 468 975 522 ἄλλα
1000 470 1182 542 μεγάλῃ
1207 476 1266 540 τῇ
1292 494 1434 540 φωνῃ
1459 468 1803 539 ἆιαβοώντων.

204 549 266 594 cs.
290 550 515 608 Eunapius
543 563 586 607 p.
605 548 672 594 80
692 549 757 592 ed.
788 551 922 594 Bonn.
953 562 1042 607 quo
1071 549 1122 593 de
1149 549 1248 593 loco
1271 548 1377 592 dixit
1399 549 1638 594 Meinekius
1658 550 1803 596 Herm.

211 619 296 662 101.
322 618 350 662 2
377 633 419 677 p.
447 617 548 664 403
570 632 635 676 sq.
686 617 741 662 cs
769 620 961 677 Bernajs
989 618 1091 662 ibid.
1131 617 1215 662 vol.
1246 618 1274 663 3
1304 633 1345 676 p.
1375 618 1488 664 316.
1539 620 1805 679 Euripideae

211 688 385 734 fabulae
411 701 647 762 personam
676 695 851 745 spectat
876 695 1088 746 colrupta
1118 686 1267 763 glossa
1296 687 1522 746 1193)(11111ε
1573 699 1805 747 περισχα-

214 752 323 801 δόι·
350 744 437 801 τὸν
463 746 857 815 ὑποκρινόμενον
883 749 968 800 τὸν
995 752 1191 814 Περσέα
1221 746 1283 810 ὡς
1309 749 1500 815 πτωχὸι
1527 752 1607 800 καὶ
1635 754 1805 816 φθισί-

210 840 404 887 μορφον
430 826 503 883 (cs.
518 826 760 871 Meinekius
787 826 906 871 Com.
922 826 954 870 4
980 841 1022 886 p.
1039 826 1171 881 702).
1208 826 1335 870 Ennii
1355 827 1662 872 Andromedae
1691 841 1805 887 quae

210 903 454 956 supersunt
490 895 672 956 collegit
701 896 966 942 Ribbeckius
1002 911 1043 955 p.
1073 895 1136 941 ‘23
1166 909 1232 954 sq.

960 1001 1061 1051 114

208 1088 379 1129 ΑΝΔΡ
421 1079 484 1174 ’Ὠ
513 1076 612 1144 νύξ
648 1075 792 1149 ιἐρα,

419 1156 490 1224 ῶς
522 1158 731 1232 μακρὸν
761 1164 1009 1230 ἵππευμα
1043 1157 1257 1224 διώκεις

416 1242 764 1314 ἀστεροειδέα
797 1245 943 1299 νῶτα
977 1239 1308 1314 διφρεύουσ’

418 1328 642 1397 αἰθέρος
676 1329 822 1397 ἱεροῖς

416 1414 513 1467 τοῦ
545 1428 879 1482 σεμνοτατου
914 1407 987 1464 δι’
1017 1405 1307 1480 Ὀλύμπου.
1689 1425 1716 1466 5

344 1509 418 1552 Ar.
441 1508 618 1553 '.shesm
651 1507 807 1554 1065:
848 1488 915 1550 Γῶ
942 1497 1029 1561 νὺξ
1057 1530 1118 1536 —-
1149 1494 1207 1549 δι
1235 1495 1524 1563 Ολ.υ’μπου’
1566 1505 1799 1551 ubiScho·

205 1577 286 1622 lia:
325 1569 350 1621 ὁ
370 1574 691 1636 Μνησίλοχος
729 1574 862 1651 (huic
876 1577 992 1620 enim
1019 1575 1342 1634 Aristophanes
1370 1574 1499 1619 1Νο11111
1528 1574 1702 1635 tribuit)
1735 1565 1799 1629 ῶς

204 1641 514 1704 Ἀνδρομέδα.
577 1644 665 1690 τοῦ
709 1637 954 1705 προλόγου
989 1659 1076 1700 της
1108 1635 1435 1701 Ἀνδρομέδας
1472 1637 1681 1702 εἰσβολη.
1733 1659 1797 1689 vs.

208 1716 340 1762 1-3
369 1730 419 1760 ex
447 1716 657 1774 Euripide
683 1715 932 1760 afferuntur
959 1716 999 1758 in
1027 1713 1174 1758 Schol
1200 1714 1384 1759 Theocr.
1406 1713 1456 1786 2,
1484 1714 1605 1759 166:
1643 1708 1719 1758 ὅτι
1748 1708 1799 1758 δὲ

204 1779 282 1829 ἐπὶ
309 1775 519 1877 αραατος
544 1778 723 1844 ὀχεῖται
751 1774 781 1843 ἡ
811 1776 920 1838 νύξ
957 1774 1277 1842 Εὐριπίδης(
1293 1772 1334 1828 ῶ
1361 1798 1387 1824 ν
1396 1773 1450 1837 vg
1474 1807 1542 1814 —
1570 1799 1596 1825 ν
1601 1785 1696 1826 ῶτα
1723 1779 1794 1827 δι-

203 1848 501 1914 φρεύουσα’.
553 1870 616 1900 vs.
661 1856 684 1899 l
731 1863 775 1899 et
813 1854 842 1898 2
888 1853 1037 1898 Schol.
1075 1851 1245 1897 Oribas.
1286 1851 1368 1897 vol.
1399 1853 1427 1898 3
1467 1867 1509 1911 p.
1541 1851 1664 1898 684:
1713 1847 1797 1896 καὶ

202 1939 335 1982 παρα
359 1922 429 1988 τῷ
454 1921 670 1987 τραγικῶ
709 1914 825 1978 νυξ
852 1916 987 1979 ἱεροῖ’
1057 1916 1275 1981 ἐπιφέρει
1310 1918 1433 1982 γοῦν
1475 1914 1572 1975 εῶς
1607 1910 1798 1979 μακρὸν

205 1990 424 2052 ι’ππευμα
451 1984 691 2047 διωκεις’.
746 1993 917 2037 Caelius
944 1956 1207 2036 Aurelimus
1236 1992 1288 2036 de
1315 1991 1482 2035 morbis
1511 1991 1735 2036 chronicis
1762 1992 1795 2050 1,

201 2062 251 2120 4,
280 2064 346 2110 60
372 2079 411 2122 p.
443 2064 564 2109 291:
614 2066 738 2109 velut
765 2064 978 2121 ῖνα9ιοα3
1011 2066 1152 2118 pocla
1181 2075 1374 2106 sacram
1402 2066 1584 2105 noctem
1609 2061 1700 2105 hoc
1727 2067 1797 2106 est

201 2148 418 2192 ηια9ηαηι
445 2135 718 2191 appellavit.
767 2131 978 2175 Scholion
1000 2130 1103 2174 Vll.
1132 2128 1201 2188 Ὠ,
1234 2130 1321 2175 12.
1363 2124 1586 2187 ἐμφαίνει
1612 2120 1796 2187 α’δηλον

201 2216 273 2246 ειι
279 2217 330 2246 αι
355 2197 440 2247 τὸν
468 2202 518 2260 (?)
547 2196 621 2245 ἐπὶ
650 2199 717 2245 τῶ
743 2214 889 2259 μηκει
910 2197 995 2256 τῆς
1022 2192 1217 2257 νυκτός,
1249 2189 1310 2253 ῶς
1337 2193 1417 2242 καὶ
1445 2213 1475 2255 η
1494 2189 1794 2255 Ἀνδρομέδα

203 2261 272 2316 ’ῶ
317 2263 402 2329 νυξ
446 2265 597 2330 ἵερα’.
666 2286 728 2316 xs.
757 2270 786 2316 3
823 2260 1125 2326 αστεροειδέα
1159 2271 1382 2314 vitiosum.
1434 2282 1497 2312 vs.
1525 2267 1557 2312 4
1592 2263 1794 2325 αἰθέρος

199 2331 351 2400 αγιᾱς
388 2342 520 2386 llerw
527 2342 730 2386 eidenus.
781 2339 1034 2398 Euripidem
1072 2341 1292 2398 expressit
1319 2338 1483 2382 Ennius
1519 2337 1789 2383 Andromed.

199 2411 255 2456 fr.
280 2412 330 2455 1:
359 2409 478 2471 (nox)
507 2424 630 2470 quae
657 2425 777 2456 cava
806 2412 932 2455 caeli
955 2410 1342 2468 se'yrzz'lenentibus
1370 2409 1565 2465 confices
1591 2407 1720 2466 bi'yns.

947 2515 1046 2566 115

365 2613 421 2662 τί
448 2602 567 2661 ποτ’
596 2603 932 2676 Ἀνδρομέδα
962 2610 1227 2671 περίαλλα
1258 2605 1442 2658 κακῶν

365 2691 525 2759 μέρος
558 2690 827 2759 ἐξέλαχον,
859 2685 1107 2743 θανάτου
1138 2684 1358 2757 τλήμων

367 2774 639 2843 μέλλουσα
669 2784 880 2842 τυχεῑν;

302 2870 373 2914 Ar.
423 2870 596 2914 Thesm.
647 2868 804 2915 1070:
861 2869 1050 2910 ΜΝΗΣ.
1124 2862 1203 2910 ετί
1241 2854 1348 2909 ποτ’
1403 2889 1460 2896 -
1510 2858 1733 2923 ἐξέλαχον
1749 2863 1783 2908 ’.
