2077 3139
777 102 1120 146 ΠΕΙΡΙΘΟΤΣ
1315 137 1320 141 .
1650 101 1749 153 159

166 234 319 301 λακᾶς
353 243 765 323 περισκοποῦντες
802 238 1052 305 ἐρχόμενοι
1087 238 1164 288 ἐπὶ
1191 258 1303 299 τους
1339 237 1562 304 φύλακας
1588 236 1750 290 κώδω-

164 331 253 371 νας
279 307 424 375 εἶχον.
455 341 518 349 -
555 307 738 393 μήποτε
764 309 816 360 δὲ
850 311 1214 377 παρακωμῳόεῐ
1233 304 1319 359 τὸν
1346 306 1618 377 Εὐριπίδου
1643 312 1748 358 Πα-

165 377 388 446 λαμήόην
413 374 472 431 οὗ
496 374 590 446 πρὸ
615 382 795 430 πολλοῦ
824 379 1184 446 δεδιδαγμένον.

910 518 1012 570 593

332 600 532 667 ἔμβολα

268 691 484 768 Hesych.:
527 686 729 752 «ξ”μβολα
771 682 1037 749 Εὐριπίδης
1080 684 1366 749 Παλαμήδει
1403 685 1485 735 καὶ
1513 687 1747 750 Σκίρωνι,

165 757 366 822 ἔμβολα·
419 750 472 805 τὸ
525 756 576 806 ὁὲ
615 749 739 805 πολυ
782 750 1052 823 ἀρρενικῶς
1102 756 1292 821 λέγουσι
1334 751 1446 815 τοὺς
1496 754 1732 822 ἐμβόλους

163 831 476 890 interpretatio
504 831 681 877 excidit.

753 938 1157 981 ΠΕΙΡΙΘΟΤΣ

267 1027 325 1071 De
351 1033 611 1085 argumento
645 1026 898 1085 tragoediae
923 1033 1102 1086 praeter
1127 1026 1288 1085 Hygini
1315 1025 1402 1071 fab.
1422 1025 1484 1072 79
1512 1025 1747 1073 cs.SeI1ol.

164 1096 312 1141 Tzetz.
342 1097 524 1141 Chil.1n
550 1061 1048 1142 Anecctooxon.v01.3
1076 1111 1117 1156 p.
1148 1061 1265 1154 359,
1294 1095 1383 1140 22·
1419 1086 1559 1154 καὶὴ
1599 1088 1750 1178 Κόρη,

162 1155 225 1224 ἢν
250 1158 275 1210 ὃ
301 1159 571 1225 Πειρίθοός
597 1179 646 1209 τε
672 1159 754 1209 καὶ
779 1154 966 1248 Θησεὺς
992 1154 1227 1223 αρπάζειν
1252 1160 1503 1222 μέλλοντες
1520 1161 1751 1241 συνεσχέ-

162 1237 354 1313 θησαν·
393 1230 475 1279 καὶ
504 1232 770 1294 Πειρίθοος
779 1231 895 1312 μὲν
910 1250 1017 1279 κατ
1006 1229 1218 1297 βρωθη,
1246 1226 1270 1279 ὁ
1299 1229 1350 1280 δὲ
1376 1224 1560 1294 Θησευς
1587 1227 1751 1293 ἐσώθη

162 1294 272 1366 παρ’
312 1295 632 1366 Ἡρακλέους·
679 1295 789 1349 και·7
830 1293 1101 1365 Ευριπίὸην
1149 1297 1386 1369 σώζονται
1428 1300 1511 1349 καὶ
1557 1302 1610 1349 οἵ
1648 1299 1749 1352 δύο.

165 1376 273 1421 adde
309 1376 442 1435 Greg
483 1376 582 1420 Cor.
620 1375 664 1419 in
690 1377 816 1421 Rhet.
854 1375 940 1420 vol.
980 1375 1008 1421 7
1044 1391 1087 1436 p.
1121 1353 1251 1422 13‘12
1290 1390 1356 1434 sq.
1406 1377 1552 1420 minus
1587 1375 1749 1435 proba-

160 1446 267 1491 bilia
292 1446 496 1490 videntur
523 1459 634 1505 quae
662 1446 800 1490 refert
822 1446 977 1489 Tzetze
983 1460 1003 1489 s
1029 1447 1072 1490 in
1101 1448 1175 1491 Ar.
1197 1446 1303 1490 Ran.
1322 1443 1418 1489 142
1449 1441 1501 1505 (ν.
1515 1444 1748 1492 Herwerd.

162 1515 208 1560 in
234 1515 368 1597 Spph.
399 1515 501 1561 Oed.
540 1516 586 1560 R.
615 1515 718 1560 edit.
755 1517 855 1560 mai.
891 1530 933 1574 p
963 1511 1104 1575 214):
1146 1505 1333 1597 Θησέυς
1369 1509 1453 1557 καὶ
1481 1511 1751 1592 Πειρίθους

161 1580 425 1630 συνέθεντο
462 1574 675 1643 ἁρπάσαι
700 1574 789 1642 τὴν
817 1578 1165 1650 Περσεφόνην,
1198 1581 1350 1646 ἔρωτα
1376 1575 1573 1642 σχόντος
1599 1575 1750 1644 αὐτης

162 1652 248 1699 τοῦ
286 1651 542 1737 Πειρίθου.
595 1646 889 1698 κατελθόιτε
894 1669 917 1707 ς
953 1650 1042 1699 οὐν
1064 1649 1114 1698 ἐν
1140 1654 1208 1718 τῷ
1241 1649 1342 1717 α’ὃῃ
1366 1648 1750 1713 κατεσχέθησαν·

161 1720 246 1769 καὶ
282 1716 307 1768 ὁ
343 1720 432 1784 μὲν
466 1721 758 1803 Πειρίθους
777 1714 839 1778 ὦς
882 1714 1042 1781 α’ρπαξ
1075 1721 1143 1786 τῷ
1172 1702 1335 1802 ’Κερβέ
1340 1738 1408 1785 ρῳ
1453 1714 1752 1783 καταβρωμα

160 1792 373 1856 γίνεται,
415 1783 600 1853 Θησέυς
635 1789 685 1839 δὲ
722 1809 787 1847 ως
820 1785 1053 1855 συνεργὸς
1078 1772 1183 1838 ἀλλ’
1225 1786 1312 1852 οὐχ
1337 1772 1495 1869 α’ρπαξ
1519 1804 1748 1851 κατασχε-

161 1859 271 1920 θεὶς
297 1858 462 1937 ἐδέθη·
502 1855 619 1909 ὗἐστ
625 1877 711 1924 ρον
749 1858 799 1939 δὲ·
829 1857 1065 1940 Ἡρακλεῖ
1085 1857 1374 1908 κατελθόντι
1416 1853 1496 1907 δια
1522 1853 1610 1907 τὸν
1631 1859 1752 1922 Κέρ-

160 1931 305 1995 βερον
331 1925 491 1978 πάντα
522 1925 705 1992 Θησεὺς
739 1948 799 1978 τα
824 1929 926 1979 ἐκεῖ
946 1922 1291 2010 ἀκριβέστερον
1325 1924 1647 1990 ὑποτίθησιν,
1686 1923 1751 1989 ὦς

150 1996 423 2063 Εὐριπίδης
459 1994 676 2048 διδασκει
709 2007 810 2058 τοῖς
846 1995 1086 2064 δραμασιν
1120 1992 1286 2048 αὐτοῦ.
1338 2003 1585 2049 dubitatum
1612 2003 1752 2049 fuisse

161 2081 309 2120 utrum
344 2075 567 2134 Euripidis
603 2081 720 2120 esset
752 2074 901 2120 fabula
936 2089 988 2119 an
1017 2074 1180 2120 Critiae
1216 2074 1344 2119 docet
1381 2075 1634 2118 Athenaeus
1670 2073 1742 2131 (fr.

163 2143 308 2203 595),
344 2144 399 2189 ef.
429 2145 523 2189 Vita
561 2143 712 2204 Eurip.
740 2159 783 2226 p.
814 2144 939 2202 135,
968 2145 1060 2191 33:
1096 2133 1280 2188 τούτων
1309 2133 1606 2203 (Ευριπίὸου
1635 2138 1751 2201 δρα-

161 2207 341 2275 ματων)
378 2206 637 2258 νοθεύεται
681 2210 813 2270 τρία,
857 2209 1041 2271 Τέννης
1072 2205 1424 2273 Ῥαδαμανθυς
1459 2209 1753 2274 Πειρίθους.

162 2284 368 2329 Weleker
394 2285 481 2329 huc
507 2283 646 2329 refert
672 2284 725 2329 sr.
755 2284 854 2330 857
884 2291 928 2329 et
955 2284 1071 2330 930.

911 2417 1016 2470 594

330 2510 444 2580 ἐμοὶ
475 2509 666 2579 πατρὶς
698 2504 1028 2579 μέν’Ἀργος,
1062 2503 1235 2577 ὄνομα
1269 2502 1322 2562 δ’
1351 2502 1640 2578 Ἡρακλῆς,

326 2594 477 2648 θεῶν
508 2592 568 2646 δὲ
599 2590 820 2646 πάντων
850 2588 1049 2663 πατρὸς
1082 2591 1282 2661 ἐξέφυν
1314 2589 1475 2656 Διός·

328 2678 429 2746 ε’μῇ
460 2674 564 2746 γὰρ
595 2667 735 2746 ἦλθε
767 2676 929 2745 μητρὶ
960 2673 1158 2730 κεδνὸν
1191 2679 1266 2738 εἰς
1298 2676 1454 2744 λέχος

327 2757 487 2829 Ζεύς,
521 2757 591 2824 ὥς
624 2761 867 2814 λέλεκται
897 2762 992 2828 τῆς
1023 2754 1287 2828 ἀληθείας
1318 2755 1440 2813 ὕπο.

326 2837 440 2912 ἥκω
474 2842 534 2898 δὲ
567 2846 731 2914 δεῦρο
763 2840 897 2914 πρὸς
928 2846 1056 2912 βίαν
1087 2837 1425 2914 Εὐρυσθέως
1638 2854 1668 2896 5
