2077 3139
563 127 931 170 FABVLARVM
950 127 1161 170 FRAGM
1573 124 1679 178 269

839 265 939 318 955

261 350 394 425 μηδ’
429 349 701 426 εὐτύχημα
733 355 906 425 μηδὲν
937 346 1034 410 οἷδ’
1073 359 1208 410 ἔστω
1239 357 1400 427 μέγα,

262 435 291 492 ὃ
321 434 375 492 σ’
409 439 658 509 ἐξεπαρεῖ
684 444 866 508 μεῖζον
895 434 928 508 ἢ
958 461 1135 510 χρεων
1165 452 1413 511 φρονειν,

259 519 389 592 μηδ’
421 518 489 591 ἥν
518 544 567 575 τι
600 524 781 625 συμβῇ
815 523 1090 593 δυσχερές,
1123 525 1324 578 δουλοῦ
1354 519 1552 578 παΜλιν

262 601 376 659 ἀλλ’
410 599 571 667 αὐτὸς
602 600 686 660 αεὶ
717 613 879 701 μίμνε
909 603 1009 674 τὴν
1040 611 1246 661 σαυτοῦ
1278 604 1448 676 φύσιν

261 685 448 762 σῴζων
481 692 715 758 βεβαίως
749 684 886 744 ω’στε
918 688 1120 760 χρυσὸς
1155 691 1212 745 ἐν
1244 694 1394 760 πυρί
1567 705 1594 746 5

197 783 314 829 Plut.
349 785 456 829 Mor.
491 798 532 858 p.
573 783 668 830 102
701 784 757 829 F.
800 782 896 829 τῶν
937 779 1026 843 μὲν
1069 774 1161 844 γαρ
1206 784 1366 840 καλῶς
1410 780 1675 846 λεγομένων

94 847 225 897 εστιν
270 847 320 897 ἐν
356 843 617 911 ὑποθηκης
660 849 793 913 μέρει
835 849 918 898 καὶ
960 853 1100 899 τοῦτο
1145 846 1284 914 ε’μηδ
1333 843 1575 914 εὐτύχημα
1610 880 1674 888 —

93 924 260 1001 ⁷⁵⁰‚9‘t’1
307 923 531 1001 Euripidis
558 937 658 968 esse
684 924 828 968 locum
857 924 986 970 docet
1012 925 1059 969 Li
1064 925 1219 970 banius
1245 926 1383 985 Epist.
1410 925 1535 972 471:
1565 923 1673 969 τοῦ-

94 1006 176 1036 τον
201 983 311 1037 οὔτε
338 983 532 1052 εὐτυχία
565 985 760 1037 πώποτε
796 1007 971 1055 επηρεν
998 990 1047 1040 ἐν
1085 991 1312 1039 δυσκολία
1338 1009 1384 1039 τε
1419 986 1510 1040 οὐκ
1538 991 1677 1055 ἔπτη·

94 1062 172 1119 ξεν
203 1050 478 1124 Εὐριπίδου
505 1058 817 1122 μεμνημένος

838 1184 937 1236 956

259 1270 406 1338 ὅστις
438 1270 492 1329 δ’
525 1271 738 1346 ἀνάγκῃ
771 1272 1191 1346 συγκεχώρηκεν
1220 1278 1454 1346 βροτῶν,

262 1355 430 1429 σοφὸς
461 1354 584 1428 παρ’
616 1355 748 1446 ἡμῖν
778 1359 867 1413 καὶ
899 1357 963 1413 τά
992 1356 1105 1413 θεῖ’
1145 1360 1438 1415 ἐπίσταται.

197 1454 312 1499 ΡΙιιι.
339 1453 446 1499 Mor.
474 1468 516 1514 p.
549 1454 723 1501 116F:
760 1449 842 1498 καὶ
878 1442 1189 1515 ὁΕὑριπίὸης
1226 1446 1380 1510 εὅστις
1408 1444 1453 1500 δ’
1486 1481 1547 1488 -
1578 1450 1677 1500 ἐγει-

93 1524 304 1569 σταται’.
355 1524 535 1568 eosdem
574 1539 728 1569 versus
765 1524 897 1569 habet
930 1524 1121 1583 Epictet.
1159 1526 1335 1570 Enehir.
1366 1526 1458 1584 52
1496 1541 1585 1586 quo
1625 1527 1678 1571 de

95 1592 194 1639 loco
222 1592 475 1653 Simplicius
501 1594 585 1639 vol.
613 1593 645 1638 4
672 1609 713 1653 p.
742 1594 866 1640 523:
902 1608 953 1638 το
992 1590 1040 1637 ὁε
1026 1588 1218 1654 ύτερον
1255 1590 1303 1640 δὲ
1332 1591 1430 1640 ἔστι
1465 1591 1552 1654 μὲν
1578 1586 1676 1640 Ev'-

94 1659 290 1723 ριπίὸου
316 1661 401 1707 τοῦ
427 1661 674 1724 τραγικοῦ.

840 1756 937 1808 957

261 1840 289 1900 5
321 1851 439 1915 βίος
470 1842 573 1918 γὰρ
604 1841 749 1917 ὄνομ’
783 1852 891 1917 ἔχει
921 1844 1085 1912 πόνος
1115 1869 1290 1918 γεγως

198 1942 313 1988 Plut.
347 1942 455 1987 Mor.
495 1956 540 2001 p.
582 1941 757 1989 120A:
804 1934 961 2002 ἄωρος
996 1935 1329 2002 ἐτελεύτησεν·
1374 1936 1555 1990 οὔκουν
1599 1934 1675 1990 εὖ·

94 2005 384 2072 ποι-μότερος
421 2002 501 2055 δια
535 2010 675 2056 τοῦτο
710 2008 792 2057 καὶ
831 2012 996 2057 κακῶν
1028 2003 1284 2074 απείρατός
1318 2008 1475 2070 ἐστιν,·
1514 2005 1539 2059 5
1574 2012 1680 2098 βίος

95 2096 215 2143 γαρ,
252 2078 404 2140 φησὶν
429 2072 727 2140 Εὐριπίδης,
762 2074 903 2141 ὄνομ’
932 2078 1050 2143 ἔχει,
1077 2076 1226 2137 πόνος
1251 2077 1426 2145 γεγώς·
1463 2071 1602 2139 οὗτος
1630 2077 1674 2130 δ’

56 2211 59 2223 s
96 2147 174 2196 ἐπι
202 2149 286 2208 τῆς
311 2142 665 2211 εὑανθεστατης
691 2145 884 2212 ἡλικίας
909 2151 1329 2214 προαπεφοίτησεν
1349 2149 1444 2200 κτὲ.
1497 2147 1521 2200 5
1547 2152 1676 2219 βίος]

56 2226 57 2229 ’
95 2220 202 2285 βίος
228 2221 390 2266 malim.

842 2302 942 2354 958

265 2398 377 2459 εἰής
406 2412 513 2460 μοι,
545 2391 762 2462 μέτριον
793 2393 856 2446 δέ
883 2414 996 2455 πως

266 2481 378 2544 εἰης
409 2471 534 2544 μηδ’
572 2469 900 2575 απολείποις.

201 2568 319 2615 Plui.
346 2570 452 2615 Mor.
480 2585 524 2630 p.
548 2571 643 2616 132
664 2572 717 2615 B:
744 2562 863 2629 πρὸς
890 2566 942 2617 δὲ
967 2560 1051 2617 τὸν
1077 2563 1228 2627 οἶνον,
1254 2588 1376 2630 απερ
1406 2563 1678 2632 Εὐριπίδης

97 2628 220 2700 πρὸς
247 2630 336 2700 τὴν
355 2629 666 2698 Ἀφροδίτην,
695 2637 801 2685 δια)
808 2637 969 2687 εκτέον
996 2638 1126 2702 εἴης
1150 2657 1233 2701 μοι
1261 2669 1322 2676 -
1352 2632 1675 2699 arnoldum-3⁹.

841 2776 945 2828 959

261 2861 483 2936 Ἑκάτης
512 2861 728 2938 ἄγαλμα
758 2864 1062 2939 φωσφόρου
1093 2866 1244 2925 κύων
1275 2874 1399 2925 ἔσει.
