2077 3139
638 129 1008 171 FABVLARVM
1027 129 1247 172 FRAGM.
1471 156 1473 158 -
1627 125 1730 178 291

318 264 351 342 ἦ
387 267 435 326 δ’
474 266 719 341 εὐγένεια
750 271 841 327 καὶ
869 269 927 326 τὸ
959 285 1216 341 γενναῖον
1245 271 1410 342 μένει.

256 367 635 424 stob.F101-.88,
666 367 709 412 1.
762 382 825 412 vs.
855 367 881 412 1
909 362 973 428 εἰ]
1002 361 1032 425 ἡ
1060 367 1182 412 Voss.
1210 368 1384 425 Trinc.,
1422 354 1483 425 ἧν
1511 369 1602 425 ΑΒ,
1640 368 1731 413 sor·

154 441 272 481 tasse
297 433 391 480 νῦν
415 437 669 496 legendum.
704 433 801 481 τῶν
829 431 880 480 ἐν
906 433 1028 499 οἴκῳ
1054 427 1310 496 χρημάτων
1339 438 1521 498 Maehly.

867 569 998 622 1052

319 656 413 714 τὸν
443 656 542 714 σὸν
573 658 631 713 ὃε
662 662 833 714 παῖδα
864 656 1244 730 σωφρονουντ’
1281 662 1566 732 ἐπίσταμαι

316 755 563 814 χρηστοῖς
592 737 655 797 θ’
687 739 960 813 ὃμιλοῦντ’
999 739 1249 813 εὐσεβεῖν
1277 742 1325 800 τ’
1361 740 1650 815 ἠσκηκότα,

317 829 429 890 πῶς
460 826 559 881 οὐν
588 848 658 880 αν
689 828 748 880 ἐκ
778 827 993 882 τοιοῦδε
1024 845 1268 898 σωματος
1299 826 1461 892 κακὸς

316 906 512 980 γένοιτ’
549 905 645 976 ἅν;
677 905 862 974 οὐδεὶς
891 907 1050 965 τοῦτό
1079 909 1139 981 μ’
1174 906 1244 965 ἂν
1272 916 1429 966 πίθοι
1460 911 1605 966 ποτέ.

193 1068 196 1069 ⁷
276 1004 400 1050 Stob.
438 1005 557 1050 Flor.
600 1005 692 1062 88,
738 1005 784 1051 8.
868 1021 929 1050 vs.
976 1006 1005 1052 3
1050 1000 1270 1066 σώματος
1313 1016 1597 1067 suspectum,
1648 1000 1729 1066 λή-

149 1087 296 1132 ματος
322 1076 526 1120 Dfintzer.
577 1089 627 1119 ex
656 1075 894 1135 Hippolyto
931 1077 1078 1135 priore
1106 1077 1251 1122 locum
1287 1078 1477 1136 petitum
1504 1091 1600 1122 esse
1629 1091 1731 1123 con·

155 1145 260 1190 iecit
284 1143 503 1202 MonkIUS,
531 1157 555 1189 e
579 1145 802 1190 Phoenice
828 1144 899 1204 (fr.
929 1145 1046 1203 809,
1075 1143 1120 1206 9)
1148 1146 1377 1206 BergkiUS.

866 1279 999 1331 1053

316 1364 383 1423 οὐ
413 1366 517 1438 γάρ
546 1391 625 1432 τις
656 1366 798 1444 οὕτω
829 1373 1028 1433 παῖδας
1061 1361 1122 1425 εὖ
1152 1370 1522 1440 παιδεύσεται,

320 1447 447 1506 ὤστ’
483 1453 538 1506 ἐκ
569 1453 826 1523 πονηρῶν
855 1450 927 1523 μὴ
959 1449 1024 1507 οὐ
1056 1452 1256 1519 κακούς
1286 1457 1603 1526 πεφυκέναι.

254 1546 378 1593 Stob.
405 1546 522 1593 Flor.
552 1548 634 1606 90,
661 1548 716 1595 3:
742 1546 828 1592 τοῦ
853 1543 1003 1594 αὐτοῦ
1032 1538 1200 1611 (EQ).
1237 1540 1731 1609 ‘ob—wstpvm'vm’.

861 1684 998 1735 1054

317 1773 524 1842 χρυσοῦ
552 1771 610 1827 σε
634 1769 852 1842 πλήθει,
878 1771 1076 1828 τούσδε
1107 1771 1159 1828 δ’
1196 1771 1262 1830 οὐ
1294 1780 1502 1845 χαίρειν
1525 1773 1728 1854 mec-5313

318 1854 508 1910 σκαιὸν
537 1854 596 1910 τὸ
626 1863 884 1912 πλουτεῖν
913 1853 1076 1912 κᾶλλο
1106 1859 1280 1929 μηδὲν
1313 1860 1532 1914 εἰδέναι.

256 1951 382 1998 Stob.
410 1951 526 1997 Flor.
556 1951 646 2010 93,
676 1953 728 1999 7:
765 1950 852 1997 τοῦ
885 1941 1036 1998 αὐτοῦ
1062 1943 1386 2014 (Ευριπίόου).
1439 1948 1638 1999 εσκαιὸν
1667 1979 1729 1987 -

152 2015 361 2065 εἰόἑναι’
399 2021 476 2079 (vs.
507 2019 570 2081 2.)
622 2037 685 2068 vs.
716 2023 741 2067 1
771 2029 816 2068 et
850 2022 880 2067 2
908 2037 991 2069 om.
1022 2039 1065 2083 p.
1095 2038 1214 2070 nom.
1243 2024 1375 2071 habet
1408 2025 1523 2070 Plut.
1550 2024 1659 2070 Mor.
1687 2039 1731 2084 p.

152 2088 281 2136 201).
330 2105 392 2136 vs.
422 2091 449 2136 2
485 2080 660 2135 σκαιὸν
685 2083 760 2155 τὸ]
797 2086 966 2138 σκαιόν
989 2108 1042 2154 γε
1075 2093 1189 2139 Plut.

868 2228 1001 2280 1055

321 2333 470 2379 οστις
503 2316 560 2370 δὲ
592 2314 766 2380 λύπας
797 2319 932 2387 φησὶ
964 2322 1258 2389 πημαίνειν
1287 2315 1536 2389 βροτούς,

325 2401 445 2452 δεῖν
476 2397 525 2454 δ’
561 2396 809 2470 ἀγχονών
838 2423 896 2455 τε
925 2402 1016 2455 καὶ
1048 2405 1260 2471 πετρῶν
1292 2404 1506 2473 ῥίπτειν
1536 2399 1662 2474 ἄπο,

318 2504 418 2536 ουκ
449 2483 506 2536 ἐν
536 2496 787 2552 σοφοῖσιν
817 2488 982 2553 ἔστιν,
1015 2480 1261 2555 εὐχέσθω
1295 2481 1347 2539 δ’
1380 2483 1524 2556 ὅμως

320 2562 539 2635 ἄπειρος
571 2564 710 2621 εἶναι
740 2571 833 2637 τῆς
862 2565 1032 2622 νόσου
1061 2565 1258 2639 ταύτης
1288 2566 1390 2624 ἀεί.

254 2659 377 2708 Stob.
406 2662 522 2707 Flor.
551 2661 635 2722 99,
660 2661 706 2707 4.

866 2770 998 2823 1056

318 2860 489 2914 λῦπαι
517 2857 620 2932 γὰρ
651 2854 992 2932 ἀνθρώποισι
1022 2868 1299 2918 τίκτουσιν
1327 2859 1563 2928 νόσους.’

1314 2955 1397 2996 19*
