2077 3139
304 151 403 203 102
968 153 1222 196 ΘΗΣΕΤΣ

404 297 521 342 plut.
560 297 668 341 Mor.
704 311 751 357 p.
780 296 878 342 112
906 298 960 342 D:
998 294 1160 352 καλῶς
1193 290 1303 375 γὰρ
1324 285 1350 342 ὁ
1375 285 1509 354 παρὰ
1543 295 1615 361 τῷ
1650 286 1903 363 Ευριπίδῃ

308 358 495 424 Θησεὺς
531 359 925 423 παρεσκευάσθαι
953 364 1183 425 φαίνεται
1215 357 1336 424 πρὸς
1361 358 1419 412 τά
1454 367 1679 412 τοιαῦτα·
1715 346 1902 423 ἐκεῖνος

302 431 394 497 γάρ
421 452 490 494 φη
495 436 616 480 σινε
631 426 725 497 ἐγω
752 432 803 482 δὲ
827 463 898 470 —
924 431 1097 501 δάκῃ’.
1151 437 1345 483 Galenus
1371 438 1458 484 v.ol
1487 439 1518 484 5
1546 453 1588 498 p
1615 438 1717 485 418
1744 439 1849 499 (vol.
1871 442 1894 485 1

301 522 345 566 p.
374 505 472 553 283
501 507 570 552 ed.
598 506 746 566 Basil„
785 507 870 552 vol.
900 508 929 552 5
967 523 1010 567 p.
1044 508 1140 554 151
1170 507 1360 566 Chartst)
1386 505 1528 552 τοῦτο
1556 499 1722 567 λαβὼν
1748 501 1900 568 Ebot·

298 571 444 634 πίδης
479 566 532 621 τὸ
566 569 726 635 νόημα
760 566 847 624 τόν
885 574 1011 634 Θησέ
999 595 1046 623 -a
1082 575 1317 636 πεποίηκε
1353 574 1604 638 λέγονταε
1619 568 1713 638 ἐγώ
1748 573 1799 624 δὲ
1838 604 1901 612 -

303 639 489 690 ὁοίκοιῆ
542 647 629 692 Cic.
669 647 892 703 Τυςε.3,
937 647 1026 705 14,
1064 648 1154 695 29:
1197 652 1359 708 itaque
1394 651 1526 707 apud
1560 650 1837 708 Euripidem
1871 665 1902 695 a

304 718 345 763 Τ
342 718 481 763 heseo
507 719 635 762 dieta
661 719 930 763 laudantur
960 744 1015 749 —

481 830 592 860 nam
619 818 701 874 qui
723 816 845 860 lzaee
872 817 1035 861 audita
1063 832 1090 861 a
1117 818 1252 862 docto
1278 820 1584 862 meminissem
1611 821 1728 875 viro,

471 885 675 943 futuras
699 898 878 931 mecum
907 888 1260 931 commentabar
1284 890 1518 944 miserias,
1555 946 1558 947 ⁷

475 962 557 1000 aut
583 962 777 1000 mortem
804 956 1028 1000 acerbam
1055 963 1138 1000 aut
1165 959 1285 1002 exili
1308 963 1534 1002 maestam
1558 957 1725 1016 suyam

475 1031 558 1070 aut
585 1038 773 1083 semper
798 1028 1007 1084 aliquam
1033 1028 1195 1072 molem
1223 1027 1490 1071 meditabar
1514 1030 1640 1083 mali,

474 1101 524 1139 ut
549 1097 591 1139 si
614 1110 707 1154 qua
733 1098 919 1140 invecta
947 1097 1115 1141 dir-itas
1142 1110 1260 1141 casu
1281 1096 1427 1154 foret,
1737 1095 1764 1135 5

474 1177 533 1208 ne
554 1177 623 1209 me
648 1168 937 1222 imparatum
965 1179 1084 1211 cura
1109 1167 1359 1211 laceraret
1385 1179 1578 1224 repens.

299 1261 357 1308 cf.
385 1262 445 1308 ih.
472 1256 522 1318 3,
552 1261 634 1320 24,
662 1263 752 1309 58:
782 1269 925 1323 atque
949 1265 1039 1309 hoc
1065 1265 1186 1309 idem
1219 1288 1274 1295 —-
1309 1264 1519 1310 Theseus
1557 1265 1785 1323 ‘futuras
1808 1278 1900 1310 me·

301 1347 407 1378 cum
443 1335 798 1378 commentabar
830 1334 1095 1380 miserias'.
1149 1334 1327 1379 Terent.
1364 1334 1544 1380 Phorm.
1582 1334 1900 1381 241—245:

300 1418 442 1462 quam
469 1404 524 1448 ob
551 1416 651 1447 rem
677 1406 838 1460 omnis,
867 1419 1003 1463 quom
1029 1406 1271 1449 secundae
1298 1417 1378 1449 res
1403 1411 1515 1450 sunt
1539 1419 1775 1462 maxume,
1807 1413 1901 1451 tum

299 1486 523 1518 maxume
574 1473 802 1518 Meditari
861 1487 1020 1519 seeum
1070 1480 1256 1532 oportet
1305 1489 1395 1534 quo
1451 1481 1597 1532 paeto
1647 1477 1902 1521 advorsum

300 1556 577 1588 aerumnam
598 1542 782 1600 ferant.
826 1544 1037 1601 Periela,
1066 1545 1239 1588 damna
1263 1557 1469 1604 pereqre
1495 1547 1687 1590 rediens
1712 1558 1901 1602 semper

301 1626 460 1658 seeum
498 1615 667 1672 coyitet
701 1615 794 1659 Aut
833 1616 905 1671 fili
943 1621 1196 1670 peecatum
1241 1622 1325 1658 auc·
1366 1618 1539 1660 uxoris
1580 1622 1773 1660 mortem
1817 1621 1901 1661 aul

300 1683 508 1727 morbum
543 1684 695 1740 filiae,
737 1683 1006 1729 Communia
1047 1697 1149 1729 esse
1178 1684 1325 1738 haee,
1363 1697 1421 1728 ne
1456 1686 1568 1743 quid
1597 1686 1765 1731 horum
1803 1700 1900 1730 um·

300 1767 442 1812 quam
471 1753 661 1798 accidat
687 1757 840 1799 animo
868 1768 1046 1799 novom.
1093 1768 1154 1798 vs.
1191 1754 1217 1797 1
1246 1750 1387 1797 τοῦτο
1414 1768 1502 1799 om.
1531 1753 1740 1801 Galenus.
1782 1769 1846 1801 vs.
1867 1755 1900 1801 5

301 1818 470 1885 φρενί]
501 1836 614 1866 ποτε
643 1822 733 1868 Gal.
786 1839 848 1868 vs.
878 1823 906 1870 6
933 1817 1141 1885 μᾶλλον]
1172 1812 1341 1882 ψυχὴν
1369 1823 1463 1869 Gal.

470 2085 609 2160 ἀνὴρ
640 2087 743 2160 γὰρ
774 2085 921 2155 ὅστις
952 2088 1244 2161 χρημάτων
1274 2089 1375 2161 μὲν
1409 2089 1617 2161 ἐνδεής,

472 2176 667 2240 δρᾶσαι
700 2175 761 2228 δὲ
791 2175 930 2245 χειρὶ
963 2171 1216 2243 δυνατός,
1248 2171 1348 2228 οὐκ
1378 2170 1642 2244 ἀνέξεται,

468 2256 533 2311 τὰ
562 2261 672 2312 τῶν
707 2255 749 2312 δ’
788 2257 1024 2329 ἐχόντων
1054 2253 1288 2329 χρήμαθ’
1321 2255 1582 2328 ἁρπάζειν
1612 2265 1777 2329 φιλεῖ.

405 2354 678 2400 Stob.1⁵1or.
704 2353 797 2412 45,
838 2356 889 2400 1:
928 2345 1206 2410 Εὗριπίὸου
1246 2352 1399 2412 Θησεῖ
1435 2356 1519 2413 (sic
1554 2355 1707 2415 vind„
1747 2352 1900 2414 Θησεῖ

304 2420 450 2485 Αἰγεῖ
469 2422 540 2486 Α).
593 2413 748 2483 ‘duim
775 2450 842 2456 —
868 2424 1046 2483 φιλεῖ’.

1053 2587 1159 2639 394

469 2668 714 2730 συμπολ’
691 2686 806 2734 ιτης

404 2759 562 2805 Pollux
589 2760 637 2818 3,
665 2761 754 2806 51;
783 2757 1078 2817 συμπολίτης
1103 2751 1161 2805 οὗ
1189 2752 1415 2819 δόκιμον,
1445 2755 1489 2804 εἰ
1509 2754 1591 2804 καὶ
1619 2746 1895 2818 Ευριπίδης

300 2817 435 2892 αυτῷ
463 2824 688 2890 κέχρηται
716 2824 768 2875 ἐν
787 2819 1128 2889 Ηρακλείδαις
1154 2845 1203 2875 τε
1228 2826 1311 2874 καὶ
1339 2826 1504 2889 Θησεῖ.
