2077 3139
790 100 1134 143 ΠΕῙΡΙΘΟΤΣ
1660 101 1756 152 161

176 242 267 290 5οε
301 232 492 302 ἄστρων
517 231 574 287 vo}
600 230 808 303 οὐρανὸς
834 235 1140 302 ἐναψάμενος
1171 231 1404 304 (οὐρανόν
1428 235 1758 306 συναψάμενα

176 314 363 359 coniecit
390 312 649 371 Meinekius)
675 305 1006 374 αμφιχορεύει.

912 433 1012 485 597

340 532 546 606 ἀκάμας
576 556 634 590 τε
663 536 815 606 πέριξ
846 533 1038 607 χρόνος
1073 534 1253 611 ἀενάῳ

340 617 567 691 ῥεύματι
597 616 804 691 πλήρης
834 622 994 692 φοιτᾷ
1023 625 1222 675 τίκτων

341 699 500 767 αὐτὸς
532 700 746 773 ἑαυτόν,
782 707 1006 773 δίδυμοί
1031 700 1069 756 τ’
1107 701 1292 775 ἄρκτοι

339 799 454 849 ταῖς
486 782 827 851 ὠκυπλοὲνοις
857 784 1145 859 πτερύγων
1177 790 1360 860 ῥιπαῖς

339 867 436 924 τὸν
461 865 801 925 Ἀτλάντειον
830 872 1054 943 τηροῦσι
1085 867 1257 926 πόλον
1562 889 1590 930 5

277 979 478 1024 Clemens
513 980 634 1027 Alex.
662 980 825 1025 Strom.
856 980 888 1023 V
915 995 958 1040 p.
989 981 1114 1026 667:
1125 976 1273 1057 περὶ
1300 972 1484 1026 τούτων
1512 973 1646 1041 οἶμαι
1672 977 1755 1027 καὶ

171 1042 203 1108 ἡ
229 1046 472 1113 τραγῳδία
507 1040 869 1110 φυσιολογοῦσά
903 1051 1095 1108 φησιν(
1108 1066 1298 1110 ακαμας
1322 1076 1393 1084 ——
1416 1045 1584 1097 πόλον.
1634 1068 1695 1097 vs.
1725 1052 1754 1098 5

172 1119 365 1164 afferunt
400 1133 451 1164 ex
486 1120 708 1179 Euripidis
745 1120 943 1165 Pirithoo
993 1119 1139 1166 Schol.
1174 1122 1249 1166 Ar.
1287 1125 1362 1166 Av.
1406 1122 1501 1168 179
1541 1117 1683 1202 (Suid.
1712 1137 1750 1167 v.

173 1182 316 1233 πόλο;
299 1188 353 1247 ).
410 1204 474 1234 vs.
501 1189 526 1234 1
563 1186 697 1249 πέριξ
722 1183 894 1249 χρόνος
921 1190 1187 1247 Meinekius,
1213 1183 1388 1250 χρόνος
1413 1188 1525 1251 περί
1545 1207 1574 1253 y
1584 1184 1752 1238 ’Clen1.

172 1273 235 1303 vs.
266 1258 295 1304 5
321 1254 542 1322 τηροῦσι]
579 1258 812 1321 φρουρῶν
838 1258 986 1304 Schol.
1031 1263 1103 1304 Ar.
1129 1267 1173 1304 et
1198 1260 1319 1306 Suid.

910 1350 1012 1402 598

340 1441 531 1505 αι’δοῦς
562 1436 981 1513 ἀχαλκεύτοισιν
1012 1446 1250 1507 «ἔζευκται
1278 1444 1469 1510 πέδαις

276 1551 393 1597 Plut.
406 1551 511 1597 Mor.
527 1566 569 1611 Ρ.
587 1550 757 1597 482A:
778 1544 835 1596 οὐ
862 1565 952 1612 γαρ
981 1540 1006 1594 δ
1029 1546 1294 1633 συμπότης
1295 1542 1456 1599 οὐδὲ(
1433 1569 1458 1599 ο
1481 1550 1754 1615 συνέφηβος

174 1609 288 1666 ουδὲ
321 1610 345 1664 ὃ
372 1617 504 1678 ξένος
545 1617 739 1675 ‘ondofig
770 1646 842 1653 —-
873 1617 1086 1679 πέδαις’,
1121 1611 1226 1666 ἀλλ’
1273 1615 1298 1667 ὁ
1341 1616 1589 1700 σύναιμος.
1645 1626 1752 1671 ibid.

173 1706 215 1750 Ρ.
244 1690 342 1737 533
371 1694 428 1735 A:
477 1692 577 1735 εἶτα
606 1681 732 1735 ὥσπε
713 1705 762 1751 ερ
800 1686 1024 1750 ἐνέχυρον
1059 1687 1320 1751 προέμενος
1346 1686 1436 1751 τὴν
1467 1690 1754 1755 ἐπαγγελίαν

175 1757 369 1814 εαἰδοῦς
390 1785 461 1792 -
485 1755 702 1815 πέδαις’.
754 1762 973 1820 Euripidis
1019 1775 1117 1807 esse
1143 1777 1320 1807 versum
1347 1764 1478 1810 docet
1501 1765 1618 1809 Plut.
1645 1766 1750 1811 Mor.

175 1845 218 1898 Ρ.
237 1830 334 1876 763
360 1830 415 1874 F:
456 1828 620 1886 φιλίας
645 1825 727 1873 καὶ
754 1827 1030 1887 κοινωνίας,
1057 1822 1144 1890 οὐχ
1169 1829 1280 1876 οἵαν
1301 1822 1575 1894 Εὐριπίδης
1600 1831 1754 1901 φησὶν

176 1889 487 1959 ἀχαλκεύτοις
522 1895 745 1959 ἐζεῦχθαι
780 1895 957 1954 πέδαις.
1017 1901 1070 1945 aii
1104 1903 1218 1948 hanc
1252 1902 1447 1949 fabulam
1480 1905 1648 1950 relatus
1684 1914 1753 1951 est

173 1977 360 2030 propter
383 1969 500 2014 Plut.
527 1970 636 2015 Mor.
665 1985 706 2029 p.
727 1970 790 2016 96
818 1971 871 2016 C:
912 1966 1033 2014 ἔνιοι
1057 1969 1154 2015 τῶν
1180 1970 1336 2031 φίλων
1361 1964 1506 2019 οὐδὲν
1531 1964 1749 2020 απολαύ-

172 2051 340 2094 σαντες
364 2030 694 2097 εὐτυχούντων
720 2033 1105 2085 συναπόλλυνται
1137 2037 1505 2122 δυστυχοῦσιν,
1505 2039 1586 2088 καὶ
1613 2043 1753 2090 τοῦτο

173 2102 378 2170 μάλιστα
412 2120 680 2169 πασχουσιν
705 2106 757 2153 οἱ
776 2102 1041 2168 φιλόσοφοι
1067 2106 1147 2154 καὶ
1175 2110 1442 2173 χαρίεντες,
1471 2103 1534 2169 ὦς
1566 2108 1754 2175 Θησεὺς

172 2194 240 2223 τω
268 2176 494 2243 Πειρίθῳ
522 2174 823 2255 κολαζομένῳ
850 2176 933 2225 καὶ
961 2176 1237 2263 δεδεμένῳε
1251 2177 1418 2237 πέδαις
1441 2171 1751 2243 ἆχαλκεύτοικ

174 2261 252 2293 σιν
295 2244 508 2302 ἔζευκται
549 2241 751 2303 πόδας.
801 2247 971 2304 πέδαις
1007 2244 1050 2294 δ’
1090 2239 1402 2310 αχαλκεύτοις
1442 2254 1549 2298 dixit
1594 2256 1751 2301 Aesch.

174 2320 367 2379 Choeph.
396 2317 512 2365 493.
579 2314 775 2378 σώματα
802 2311 1046 2380 δεσμεύων
1081 2314 1133 2364 ἕν
1169 2315 1508 2381 αχαλκεύτοισι
1547 2320 1753 2388 πέδῃσιν

174 2388 306 2448 Orph.
336 2389 483 2448 hymn.
512 2388 596 2447 85,
622 2389 668 2434 4.

915 2511 1017 2564 599

340 2599 440 2657 οὐκ
470 2591 570 2658 οὖν
598 2599 658 2656 τὸ
688 2600 760 2673 μὴ
792 2604 885 2672 ζῆν
917 2600 1170 2674 κρεῖσσόν
1202 2600 1303 2660 ἐστ’
1335 2600 1369 2676 ἦ
1401 2610 1495 2676 ζῆν
1524 2629 1731 2674 κακωςς

279 2712 406 2758 8ῑο1).
438 2713 556 2759 Flor
589 2713 710 2771 121,
747 2712 837 2758 24:
886 2704 1161 2791 Εὐριπίδου
1206 2714 1466 2777 Πειρίθου.
1533 2708 1650 2761 εοὐκ
1688 2743 1750 2750 -

175 2779 363 2837 κακῶςς
376 2782 392 2804 ’
444 2783 500 2828 cs.
529 2783 665 2843 Soph.
693 2783 748 2829 fr.
776 2783 897 2829 445:
950 2774 1003 2829 τδ
1036 2775 1103 2844 μὴ
1126 2801 1219 2848 γαρ
1246 2787 1369 2832 εἰναι
1395 2788 1617 2850 κρεῖσσον
1641 2775 1676 2845 ἦ
1700 2778 1753 2832 τὸ

177 2848 233 2904 ζ
208 2865 263 2909 ην
289 2850 466 2908 κακῶς.

259 2928 387 2963 Evam.
410 2939 493 2963 von.
517 2940 572 2965 111.
1369 2940 1416 2978 11
