2077 3139
788 101 1094 143 οΙΔΙΠοΤΣ
1622 98 1720 150 147

136 244 216 292 18
266 259 329 290 vs.
361 243 388 289 1
416 251 514 289 et
488 243 515 273 θ
553 240 838 288 Philodemus
878 243 932 288 de
959 243 1126 287 rhetor.
1163 258 1205 302 p.
1234 242 1333 289 237
1361 243 1433 289 Gr.
1461 242 1607 308 (Here.
1633 243 1719 288 vul

132 315 184 372 V,
214 316 240 359 1
269 315 352 360 col.
382 313 487 372 27);
523 303 660 368 ἄξιον
687 301 936 388 Εὐριπίδῃ
963 307 1150 373 λέγοντι
1186 305 1429 357 πιστεύειν
1464 303 1628 357 ου’τοι
1654 338 1717 344 -

134 375 302 442 μόνον,
330 373 454 428 ἀλλὰ
479 377 561 426 καὶ
587 370 733 442 ἇρετή
761 378 1003 442 139010159'.
1047 381 1153 426 item
1179 382 1380 428 Clemens
1408 383 1530 428 Alex.
1554 382 1717 428 Strom

134 453 188 498 lv
215 469 258 513 p.
289 452 412 499 575·
448 443 630 496 οὔκουν
664 445 817 529 μόνον
842 449 983 496 τοῦτο
1009 443 1222 512 νόμισμα
1258 442 1426 506 λευκὸς
1452 444 1662 512 ἄργυρος
1687 466 1716 508 η

136 512 309 582 χρυσός
335 517 479 579 ἐστιν,
505 511 626 564 ἀλλὰ
651 515 734 565 καὶ
760 510 791 579 ἡ
817 511 960 578 ἀρετὴ
987 518 1203 581 βροτοῖς,
1233 513 1297 575 ὡς
1321 516 1472 580 φησὶν
1508 536 1533 566 ο
1559 521 1720 579 Σοφο-

134 590 268 650 κλῆς.
318 607 382 638 vs.
410 592 439 638 3
474 580 541 648 ’ἣν
566 588 780 635 κτᾶσθαι
805 590 980 649 malim,
1017 591 1095 636 sed
1133 591 1325 637 sortasse
1366 593 1461 651 ipse
1488 606 1641 637 versus
1668 592 1721 637 ah

134 663 345 723 Euripide
370 661 541 707 alienus
569 668 652 705 est.

880 780 982 832 547

301 867 506 941 μεγάλη
535 871 797 940 τυραννὶς
827 866 990 941 ἀνδρὶ
1021 871 1184 925 τέκνα
1215 872 1304 925 καὶ
1336 868 1504 942 γυνή·

303 962 428 1024 ἴσην
458 953 559 1025 γὰρ
595 950 758 1024 ανδρὶ
789 951 1082 1024 συμφορὰν
1115 953 1256 1009 εἶναι
1291 956 1428 1025 λέγω

244 1063 247 1065 ·
301 1040 510 1093 τέκνων
539 1033 601 1092 θ’
635 1035 896 1108 ἁμαρτεῖν
940 1038 1029 1092 καὶ
1073 1059 1278 1107 πατρας
1311 1039 1400 1092 καὶ
1431 1035 1722 1109 χρηιιοέτων

302 1119 504 1192 ἀλόχου
534 1142 591 1175 τε
623 1125 846 1191 κεδνῆς,
881 1143 951 1186 ως
982 1118 1152 1191 μόνον
1183 1127 1293 1176 τῶν
1322 1120 1613 1193 χρημάτων

302 1205 336 1275 ἠ
367 1201 621 1276 κρεῖσσόν
654 1206 799 1259 ἐστιν
830 1201 1013 1277 ανδρί,
1044 1202 1286 1276 σώφρον’
1323 1201 1392 1275 ἢν
1423 1204 1579 1277 λάβῃ.
1695 1222 1721 1262 5

243 1313 364 1360 Stob.
394 1315 510 1361 Flor.
542 1316 632 1373 67,
663 1317 705 1362 1
756 1331 821 1360 vs.
852 1316 876 1360 1
914 1315 1080 1372 legitur
1114 1318 1156 1359 in
1184 1315 1294 1360 Men.
1324 1329 1443 1360 mon.
1481 1316 1609 1375 363,
1644 1316 1721 1361 ubi

138 1382 337 1429 τελοῦσα
370 1398 453 1444 pro
489 1380 633 1428 τέκνα
670 1386 885 1458 scriptum
920 1392 1003 1429 est.
1065 1381 1315 1446 τυραννίς]
1353 1376 1471 1443 τύχη
1509 1400 1580 1440 τις
1616 1386 1721 1430 Mei-

137 1454 312 1499 nekius.
349 1468 412 1498 vs.
429 1453 457 1498 2
475 1444 645 1516 ἀνδρὶ]
664 1443 830 1512 ουχὶΟ.
845 1454 1005 1499 Hense.
1034 1469 1096 1499 vs.
1109 1454 1141 1499 4
1163 1449 1443 1517 χρημάτων]
1466 1446 1721 1514 κτημάτων

139 1524 185 1569 G.
216 1524 506 1569 Hermannus.
555 1532 661 1584 post
696 1538 874 1569 versum
899 1524 930 1568 4
966 1524 1196 1584 complura
1222 1526 1503 1570 intercidisse
1530 1526 1722 1571 coniecit

137 1592 393 1638 Meinekius
444 1608 507 1638 vs.
536 1596 564 1640 5
594 1594 813 1651 κρεῖσσον
839 1581 943 1638 τόδ’
973 1587 1099 1637 ἐστιν
1128 1591 1289 1652 (deleto
1316 1585 1364 1652 ἡ)
1399 1594 1575 1653 Fixius,
1603 1586 1721 1656 κρά-

137 1673 297 1707 τιστον
324 1657 448 1706 ἐστιν
475 1663 769 1723 Musgravius,
794 1678 920 1724 γυνη
949 1657 1045 1708 ἐστι
1070 1664 1294 1724 κρεῖσσον
1319 1664 1558 1710 Dohraeus.

885 1811 987 1864 548

304 1898 486 1956 ἄλλων
520 1900 580 1956 δὲ
611 1900 832 1957 πάντων
867 1899 1289 1972 δυσμαχώτατον
1318 1900 1478 1973 γυνή.

187 2052 212 2098 b
243 1982 364 2029 Stob.
392 1983 509 2029 F'lor.
539 1984 621 2042 73,
649 1984 695 2030 5.
731 1980 889 2038 ἄλλως
916 1986 1004 2043 ed„
1043 1976 1205 2030 ἄλλων
1230 1985 1297 2042 Μ,
1335 1983 1500 2030 κακῶν
1541 1999 1721 2047 exspec-

140 2060 181 2098 ta
218 2067 298 2098 ain.

881 2146 983 2199 549

305 2240 452 2292 πᾶσα
494 2233 597 2307 γὰρ
643 2234 810 2306 δούλη
860 2238 1106 2308 πέφυκεν
1160 2233 1361 2309 ἀνδρὸς
1404 2232 1437 2307 ἡ
1482 2235 1723 2310 σώφρων

1390 2320 1564 2392 γυνή·

303 2396 336 2473 ἡ
364 2403 420 2458 δε
444 2400 516 2474 μὴ
540 2400 778 2475 σώφρων
803 2401 962 2477 ἀνοίᾳ
984 2401 1078 2459 τὸν
1103 2401 1328 2470 ξυνόνθ’
1364 2402 1718 2477 υπερφρονεῖ.

241 2498 369 2544 Stob.
405 2499 522 2545 Flor.
561 2500 784 2558 69,18:
824 2491 1099 2558 Εὐριπίδου
1145 2496 1385 2547 Οἰδίποδι.
1457 2500 1620 2547 ‘mica
1656 2524 1719 2533 —-

137 2554 490 2626 ὖπερφρονεῖ’.
540 2569 743 2616 Clemens
768 2569 892 2615 Alex.
921 2570 1082 2615 Strom.
1111 2570 1229 2631 le.
1259 2570 1382 2617 592:
1419 2568 1522 2625 πῶς
1549 2585 1606 2615 ου
1631 2562 1718 2629 μά-

138 2651 226 2695 την
243 2627 515 2697 Εὐριπίδης
539 2631 743 2699 γράφει;
784 2634 898 2684 ποτὲ
921 2634 1012 2698 μὲν
1045 2637 1205 2684 εστᾶσοι
1228 2655 1320 2700 γαρ
1344 2630 1524 2700 ἀνδρὸς
1552 2665 1613 2672 -
1641 2630 1720 2683 εὖ·

80 2711 82 2713 ’
139 2701 466 2766 δοκιμοῦσαν’
494 2710 564 2768 (l'r.
593 2703 736 2767 550),
773 2703 887 2753 ποτὲ
916 2704 967 2754 δὲ
1001 2706 1162 2754 “πᾶσα
1185 2725 1277 2786 γαρ
1305 2704 1454 2769 δούλη
1483 2733 1544 2742 -
1572 2723 1719 2768 υπερ-

139 2770 318 2832 φέρει’.
369 2793 429 2823 v.s
460 2780 485 2824 1
525 2778 648 2825 Stob
684 2779 800 2823 Flor.
830 2779 920 2836 67,
958 2778 1004 2825 2.
1055 2794 1117 2824 vs.
1146 2778 1175 2823 2
1203 2769 1465 2841 ὑπερφέρει
1502 2779 1719 2824 Clemens.

139 2844 182 2890 C.
208 2845 580 2893 Fr.11ermanuus
607 2849 692 2894 huc
719 2848 856 2894 refert
879 2849 984 2893 Eur.
1011 2848 1063 2894 fr.
1094 2849 1210 2896 901.

1280 2927 1385 2970 10*
