2077 3139
778 121 1106 166 ΕΡΕΧΘΕΤΣ
1623 110 1687 163 91

296 272 525 333 πταίσας
554 261 763 335 ἁπάσης
794 260 985 325 πόλεος
1016 254 1138 315 οὐδ’
1175 266 1294 313 ἴσον
1326 255 1497 327 φέρει.

300 358 348 409 εἰ
378 350 424 408 δ’
457 341 525 422 ἦν
556 352 614 405 ἐν
643 356 812 412 οἴκοις
842 343 963 401 ἀντὶ
992 345 1232 414 θηλειῶν
1262 338 1459 409 στάχυς

296 433 491 535 ἅρσην,
521 432 679 488 πόλιν
711 431 770 486 δὲ
801 432 1027 500 πολεμία
1058 437 1268 496 κατεῖχε
1299 421 1452 493 φλόξ,

298 518 401 575 οὐκ
430 542 497 573 αν
527 540 614 571 νιν
639 516 937 584 ἐξέπεμπον
967 516 1041 575 εἰς
1072 507 1248 580 μάχην
1280 502 1458 578 δορός,

299 602 542 658 θάνατον
564 591 941 670 προταρβοῦσ’;
973 590 1083 649 ἀλλ’
1112 588 1270 663 ἔμοιγ’
1302 595 1436 645 ἔστω
1467 586 1627 642 τέκνα
1659 598 1712 640 25

301 681 336 740 ἂ
364 687 453 740 καὶ
483 681 701 754 μάχοιτο
731 682 821 736 καὶ
852 675 958 751 μετ’
993 674 1259 748 ἀνδράσιν
1288 675 1503 743 πρέποι,

302 766 374 840 μὴ
405 763 621 839 σχήματ’
657 763 831 829 ἄλλως
864 766 922 818 ἐν
952 759 1104 816 πόλει
1135 755 1433 829 πεφυκότα.

303 849 367 908 τά
396 852 644 923 μητέρων
677 848 736 904 δὲ
768 842 954 916 δάκρυ’
988 841 1118 900 ὅταν
1147 844 1330 913 πέμπῃ
1361 841 1542 908 τέκνα,

302 933 535 1001 πολλοὺς
567 928 786 1003 ἐθήλυν’
824 936 898 995 εἰς
927 927 1105 1001 μάχην
1134 925 1499 999 ὁρμωμένους.

304 1022 444 1091 μισῶ
474 1029 736 1089 γυναῖκας
767 1019 965 1078 αι’τινες
997 1011 1099 1083 πρὸ
1130 1013 1230 1066 τοῦ
1259 1009 1429 1063 καλοῦ
1666 1015 1721 1058 30

308 1106 403 1173 ζῆν
434 1107 633 1164 παῖδας
667 1103 874 1156 είλοντο
906 1098 994 1152 καὶ
1026 1092 1342 1168 παρῄνεσαν
1372 1086 1524 1145 κακά.

307 1189 398 1243 καὶ
427 1185 535 1257 μὴν
564 1183 830 1246 θανόντες
859 1178 902 1252 γ’
940 1184 997 1235 ἐν
1027 1178 1168 1251 μάχῃ
1201 1177 1416 1231 πολλῶν
1446 1173 1578 1245 μέτα

308 1271 514 1340 τύμβον
543 1291 600 1324 τε
630 1264 814 1323 κοινὸν
847 1271 1038 1336 ε’λαχον
1071 1257 1321 1317 εὔκλειάν
1351 1256 1388 1313 τ’
1426 1265 1575 1327 ἴσην

309 1350 453 1425 τημῄ
487 1353 544 1408 δε
576 1352 730 1407 παιδὶ
765 1351 1029 1419 στέφανος
1063 1342 1138 1410 εἷς
1169 1346 1264 1417 μιᾷ
1295 1340 1433 1413 μόνῃ

310 1436 518 1500 πόλεως
547 1433 799 1506 θανούση
830 1428 980 1502 τῆσδ’
1014 1426 1467 1500 ὑπερδοθήσεται.
1674 1434 1728 1477 35

311 1522 401 1576 καὶ
433 1518 533 1591 τὴν
563 1522 828 1574 τεκοῦσαν
858 1517 947 1571 καὶ
980 1514 1040 1569 σε
1073 1511 1171 1568 δύο
1201 1508 1253 1567 θ’
1288 1505 1575 1581 ὁμοσπόρω

313 1603 501 1660 σώσει
534 1608 592 1658 τί
615 1599 824 1658 τούτων
853 1595 979 1670 οὐχὶ
1012 1599 1274 1664 δέξασθαι
1305 1591 1499 1659 καλόν,

313 1687 412 1760 τὴν
443 1685 542 1744 οὐκ
574 1683 707 1786 ἐμὴν
738 1731 746 1741 .
783 1730 792 1740 .
827 1681 969 1754 πλὴν
999 1680 1164 1752 φύσει
1198 1676 1355 1734 δώσω
1389 1673 1556 1746 κόρην

313 1775 486 1828 θῦσαι
515 1768 618 1840 πρὸ
651 1775 825 1840 γαίας.
880 1772 928 1821 εἰ
956 1765 1059 1837 γὰρ
1091 1760 1442 1836 αἱρεθήσεται

316 1855 486 1923 πόλις,
518 1860 572 1908 τί
599 1857 815 1908 παίδων
844 1853 954 1905 τῶν
986 1852 1129 1919 ἐμῶν
1156 1848 1378 1953 μέτεστί
1402 1867 1523 1914 μοι,
1679 1854 1733 1895 40

314 1936 415 1994 οὐκ
445 1940 545 1994 οὐν
575 1935 786 1992 ἅπαντα
815 1931 947 1990 τοῦν
978 1929 1021 2004 γ’
1057 1933 1172 2003 ἐμοὶ
1204 1926 1540 1999 σωθήσεται;

317 2020 577 2093 ἄρξουσιν
607 2020 777 2089 άλλοι,
809 2014 955 2088 τήνδ’
987 2015 1089 2087 έγῶ
1120 2012 1278 2070 σώσω
1310 2010 1482 2067 πόλιν.

321 2110 496 2161 έκεῖνο
528 2101 574 2159 6’
607 2095 673 2160 οὗ
703 2101 761 2158 τὸ
792 2109 1047 2157 πλεῖστον
1079 2102 1137 2155 ἐν
1166 2100 1331 2171 κοινῷ
1362 2097 1542 2167 μέρος,

318 2186 421 2246 οὐκ
452 2185 564 2244 ἔσθ’
605 2185 830 2257 ἑκούσης
860 2187 953 2256 τῆς
987 2186 1111 2256 ἐμῆς
1144 2183 1321 2252 ψυχῆς
1352 2177 1479 2251 ἄτερ

320 2270 606 2342 προγόνων
636 2268 839 2326 παλαιὰ
867 2264 1044 2339 θέσμι’
1079 2263 1223 2330 ὅστις
1256 2268 1495 2333 ἐκβαλεῖ·
1684 2273 1736 2314 45

321 2353 438 2412 οὐδ’
475 2351 587 2410 ἀντ’
624 2352 780 2418 ἐλάας
812 2354 1042 2424 χρυσέας
1072 2372 1131 2405 τε
1160 2345 1432 2418 Γοργόνος

322 2446 573 2509 τρίαιναν
603 2435 780 2510 ὀρθὴν
812 2438 1017 2492 στᾶσαν
1048 2437 1107 2489 ἐν
1138 2430 1344 2496 πόλεως
1375 2427 1605 2501 βάθροις

325 2520 614 2594 Εὔμολπος
645 2517 773 2577 οὐδὲ
805 2522 951 2592 Θρᾷξ
983 2516 1274 2583 ἄναστέψει
1304 2513 1436 2578 λεῶς

325 2604 661 2677 στεφάνοισι,
692 2603 914 2668 Παλλάς
947 2598 994 2657 δ’
1026 2598 1270 2672 οὐδαμοῦ
1300 2597 1591 2669 τιμήσεται,

326 2685 538 2762 χρῆσθ’,
572 2680 612 2744 ῶ
643 2694 875 2755 πολῖται,
905 2698 1017 2750 τοῖς
1043 2687 1188 2756 ἐμοῖς
1219 2680 1564 2754 λοχεύμασιν,
1689 2691 1744 2733 50

327 2772 586 2846 σώζεσθε,
618 2767 808 2827 νικᾶτ’·
844 2766 966 2825 ἀντὶ
996 2791 1098 2840 γαρ
1130 2770 1325 2871 ψυχῆς
1336 2766 1458 2836 μιᾶς

325 2879 427 2913 ουκ
459 2854 571 2912 ἔ’σθ
606 2851 750 2920 ὅπως
780 2850 913 2926 ὑμῖν
941 2849 1091 2922 τήνδ’
1129 2848 1232 2922 ἐγώ
1264 2872 1328 2905 ου
1359 2847 1516 2903 σώσω
1549 2842 1722 2901 πόλιν.
