2077 3139
311 101 413 153 114
919 98 1293 142 ΙΠΠοΛΤΤοΣ

480 247 540 300 ἐν
569 255 683 310 τοῖς
713 241 1072 315 ἀμηχάνοισιν
1104 238 1501 314 εὐπορώτατον,

467 327 694 400 ”Ερωτα,
725 325 948 383 πάντων
981 324 1404 398 δυσμαχώτατον
1432 321 1584 383 θεόν.

417 425 544 472 Stob.
571 425 688 470 Flor.
718 425 801 484 63,
830 424 910 471 23.

1053 516 1160 569 434

466 605 640 678 ’Ἑρως
671 606 773 679 γὰρ
805 604 1011 677 ἄνδρας
1041 603 1108 662 ού
1140 604 1341 678 μόνους
1374 606 1654 677 ἐπέρχεται

481 689 598 748 οὐδ’
637 692 707 746 αὐ
738 705 1023 762 γυναῖκας,
1055 687 1192 745 αλλὰ
1223 691 1314 745 καὶ
1345 691 1496 746 θεων
1526 712 1638 744 ανω

483 773 660 847 ψυχὰς
690 773 952 847 χαράσσει
982 773 1111 830 κάπὶ
1143 772 1345 830 πόντον
1376 779 1608 845 ἔρχεται·

486 862 577 915 καὶ
607 856 752 916 τόνδ’
787 855 1071 929 ἀπείργειν
1101 854 1217 914 ουδ’
1251 856 1278 912 ὁ
1310 854 1622 928 παγκρατὴς
1657 857 1848 912 σθένει

488 942 646 1014 Ζεύς,
678 939 791 999 ἀλλ’
826 939 1041 998 ὑπείκει
1072 944 1162 997 καὶ
1191 942 1376 998 θέλων
1407 944 1725 1012 ἐγκλίνεται.
1850 955 1878 995 5

419 1040 700 1086 Stob.F10r.
741 1040 831 1098 63,
871 1039 957 1085 25:
1003 1034 1316 1098 Σοφοκλέους
1353 1035 1550 1102 Φαίδρα
1591 1038 1751 1095 (sieA
1763 1072 1777 1094 ,
1821 1033 1905 1080 τοῦ

315 1102 470 1156 αὐτοῦ
501 1107 703 1176 Φαίδρα
729 1110 851 1155 Vind.
869 1110 1117 1169 ,Euripidi
1148 1109 1304 1154 tribuit
1326 1107 1485 1166 Vmoss)
1568 1103 1687 1166 ἔρως
1719 1122 1814 1166 γαρ
1841 1130 1905 1138 —

318 1177 633 1242 ἐγκλίνεται’.
685 1196 745 1226 vs.
772 1180 905 1226 1-3
932 1179 1059 1224 affert
1084 1187 1129 1224 et
1154 1178 1353 1258 Euripidi
1379 1177 1538 1223 tribuit
1563 1176 1763 1222 Clemens
1786 1177 1904 1221 Alex.

317 1253 478 1298 Strom.
514 1253 566 1297 VI
603 1267 647 1311 p.
685 1250 809 1297 745:
847 1240 1193 1309 Ανακρέοντος
1229 1243 1323 1308 γὰρ
1367 1240 1659 1307 ποιήσαντος
1700 1238 1907 1307 ε’Έρωτει

316 1312 408 1382 γὰρ
435 1312 517 1366 τὸν
541 1311 694 1383 ἁβρὸν
720 1315 960 1379 μέλπομαι
984 1346 1054 1351 -
1065 1310 1392 1377 Ἐὐριπίδης
1426 1331 1607 1379 γραφει
1639 1308 1814 1379 ’Έρως
1839 1340 1910 1350 --

319 1388 552 1453 ἔρχεται.
602 1406 664 1437 vs.
693 1391 722 1437 3
749 1400 974 1452 ταρασσει
1003 1389 1216 1435 Clemens.

1060 1524 1164 1577 435

488 1613 652 1681 αὐτός
684 1640 734 1672 τι
764 1618 870 1672 νῦν
903 1619 1050 1687 δρῶν
1083 1614 1197 1671 εἶτα
1231 1618 1492 1685 δαίμονας
1524 1611 1701 1670 κάλει·

489 1706 562 1775 τῷ
595 1701 697 1773 γὰρ
730 1703 990 1756 πονοῦντι
1019 1701 1110 1754 καὶ
1139 1696 1270 1764 θεὸς
1301 1696 1683 1769 ξυλλαμβάνει.

427 1798 575 1844 Schol.
603 1799 666 1843 BL
700 1799 748 1844 Il.
783 1797 854 1856 Δ,
892 1797 1016 1843 249:
1052 1792 1388 1855 συνεισφέρειν
1424 1785 1506 1839 τὸν
1542 1791 1722 1839 οἰκεῖον
1756 1786 1912 1838 πόνον

322 1861 508 1914 κελευει
533 1893 602 1900 --
631 1858 694 1922 ὡς
721 1863 840 1926 φησὶ
867 1863 948 1912 καὶ
975 1882 998 1912 ο
1026 1857 1250 1926 τραγικὸς
1278 1861 1427 1910 ἔνθεν
1454 1857 1660 1924 λαβών
1675 1854 1819 1918 αὐτός
1843 1888 1910 1898 -

322 1931 697 1997 συλλαιιβανειῆ
759 1954 822 1983 vs.
863 1939 890 1984 1
936 1937 1066 1982 habet
1093 1937 1248 1982 Suidas
1292 1951 1329 1980 v.
1375 1924 1522 1990 αυτός
1565 1950 1624 1979 τι.
1679 1930 1912 1993 δαίμονας

325 2010 578 2067 Seh01.11.,
614 2022 728 2062 τους
763 1998 912 2062 θεους
948 2007 1070 2052 Suid.
1120 2022 1182 2052 vs.
1213 2006 1241 2051 2
1279 2020 1376 2051 eum
1402 2006 1607 2051 lemmate
1633 1995 1910 2063 Εὐριπίδου

320 2069 609 2125 Ιππολύτου
653 2079 782 2124 affert
819 2078 1035 2123 Stobaeus
1070 2077 1189 2122 Flor.
1232 2075 1323 2134 29,
1368 2075 1448 2122 34.
1512 2082 1667 2121 contra
1712 2073 1911 2149 Clemens

325 2150 447 2195 Alex.
475 2149 638 2195 Strom.
666 2149 718 2192 Vl
746 2163 787 2208 p.
819 2148 941 2194 741:
969 2135 1246 2205 Ευριπίδου
1272 2141 1358 2204 μὲν
1386 2139 1437 2189 ἐν
1468 2139 1710 2207 Τημένῳε
1726 2141 1795 2207 τῷ
1819 2133 1911 2204 γάρ

329 2208 793 2278 -συλλαμβανειᾶ
855 2218 1041 2263 eundem
1095 2230 1268 2261 versum
1305 2230 1392 2261 om.
1431 2215 1518 2260 sab.
1556 2229 1674 2260 nom.
1711 2214 1911 2273 Euripidi

326 2289 532 2335 tribuunt
557 2289 720 2334 Aneed.
750 2288 886 2333 Oxon.
915 2287 999 2332 vol.
1026 2285 1059 2330 4
1093 2301 1134 2346 p.
1164 2285 1290 2343 255,
1323 2286 1383 2331 11
1422 2293 1464 2330 et
1491 2285 1800 2330 Theodoretus
1825 2283 1911 2328 vol.

326 2359 359 2404 4
387 2374 428 2419 p.
444 2359 561 2416 716,
588 2361 683 2404 sine
709 2367 870 2421 poetae
897 2366 941 2402 et
966 2357 1051 2402 fab.
1079 2371 1196 2401 nom.
1225 2356 1358 2401 habet
1385 2356 1585 2401 Clemens
1605 2354 1725 2399 Alex.
1747 2353 1910 2398 Strom.

326 2429 362 2472 V
404 2443 446 2488 p.
492 2428 607 2475 654.
676 2429 731 2473 ef.
773 2427 934 2473 Zenoh.
981 2427 1038 2484 5,
1081 2427 1160 2473 93.
1228 2426 1460 2485 Euripides
1503 2427 1701 2469 imitatus
1740 2423 1915 2468 videtur

229 2544 233 2546 .
327 2498 534 2573 Aeschyli
567 2498 686 2542 Pers.
718 2498 841 2543 742:
877 2487 977 2541 ἀλλ’
1016 2491 1135 2542 ὅταν
1171 2489 1356 2559 σπεύδῃ
1389 2511 1460 2549 τις
1487 2486 1633 2548 αὐτός
1612 2526 1657 2553 ,
1693 2482 1763 2551 χῶ
1798 2483 1915 2546 θεὸς

329 2558 641 2623 ξυναπτεται,
677 2567 931 2628 Euripidem
958 2567 1195 2613 Menander
1223 2566 1342 2610 Com.
1372 2565 1403 2610 4
1430 2580 1471 2625 p.
1501 2564 1623 2611 249:
1657 2554 1916 2624 γινώσκων

328 2631 402 2683 ότι
427 2631 577 2702 τόλμῃ
604 2633 770 2682 δικαία
794 2653 876 2683 και
905 2638 963 2681 θε
945 2630 1021 2692 εὸς
1047 2629 1331 2696 συλλαμβαι
1335 2649 1392 2680 ει

1068 2757 1171 2810 436

497 2855 667 2921 ἔγωγε
697 2850 836 2920 φημὶ
869 2849 957 2903 καὶ
989 2846 1159 2919 νόμον
1189 2870 1249 2919 γε
1278 2845 1350 2919 μὴ
1384 2847 1568 2917 σέβειν
