2077 3139
332 123 434 175 170
972 121 1297 164 ΠΟΛΤΙΔΟΣ

327 283 370 329 p.
399 267 498 314 728
525 281 622 327 sq.:
674 256 941 322 Πολυειδος
974 264 1238 324 πεποίηται
1286 261 1446 326 δρᾶμα
1481 252 1760 328 Εὐριπίδῃ,
1797 256 1849 309 ἕν
1883 280 1925 342 ῳ

326 335 451 398 βοῦν
476 334 748 397 τρίχρωμον
771 338 908 382 ποιεῖ
927 330 1198 394 εὑρῆσθαι,
1237 335 1313 381 ubi
1341 350 1455 396 quae
1483 336 1701 381 accedunt
1725 329 1836 397 περὶ
1865 348 1924 379 ου

324 403 527 469 γέγονεν
561 398 726 462 αὐτοῖς
760 404 1037 467 φιλονεικία
1076 402 1349 487 βασιλείας,
1387 406 1559 451 homini
1601 405 1820 450 debentur
1845 407 1926 450 im-

326 479 491 539 perito.
548 485 757 523 noctuam
793 493 816 523 a
850 477 1035 538 Polyido
1084 478 1222 522 visam
1258 482 1580 522 commemorat
1623 475 1834 520 Aelianus
1873 475 1924 520 N.

325 551 375 594 A.
405 548 462 607 5,
490 547 544 595 2:
593 542 644 591 ἐν
679 546 739 611 τῇ
765 542 935 625 Κρητῃ
960 544 1152 625 γλαῦκα
1184 535 1266 613 μὴ
1286 543 1515 606 γίνεσθαι
1543 539 1665 605 φασὶ
1693 534 1744 590 τὸ
1770 538 1925 605 παρά-

325 633 425 663 παν
463 643 553 677 -,
606 613 734 663 ἔοικε
771 613 822 663 ὁὲ
864 606 889 662 ὃ
925 608 1202 676 Ευριπίόης
1239 606 1578 698 ἀβασανίστως
1604 609 1925 674 πεποιηκέναι

325 678 409 734 τὸν
434 683 711 733 Πολύειδον
739 677 927 748 ὁρῶντα
953 682 1097 746 τηνδε
1122 703 1211 745 την
1238 679 1379 745 ὄρνιν
1399 682 1481 731 καὶ
1505 681 1552 742 ἐξ
1570 683 1723 744 αύτης
1748 699 1924 745 τεκμη-

325 773 539 819 ραμενον
572 753 648 805 ότι
689 749 882 818 εὑρήσει
919 754 1004 802 καὶ
1047 749 1132 802 τὸν
1167 755 1399 802 Γλαῦκον
1441 746 1527 802 τὸν
1573 753 1820 800 τεθνεῶτα
1856 752 1925 819 τῷ

326 827 499 877 Μίνωι
533 826 1018 876 vffiv.valekena1ius
1064 830 1167 874 huic
1211 827 1388 873 fabulae
1423 828 1663 887 adselipsit
1712 826 1923 885 adespota

325 901 378 945 fr.
410 901 506 947 137
535 909 579 946 et
606 899 719 947 348.
773 900 1005 944 Γλαῦκον
1033 899 1243 957 fabulam,
1273 912 1404 958 quam
1434 905 1503 943 [er
1526 897 1678 943 laudat
1703 895 1924 941 Stohaeus

325 970 396 1029 (fr.
437 970 535 1017 638
577 970 677 1018 644
715 967 859 1031 645),
895 970 948 1015 ab
984 971 1066 1014 hac
1101 983 1194 1014 non
1243 969 1460 1013 diversam
1508 982 1605 1013 esse
1652 966 1818 1012 dudum
1858 968 1924 1011 in·

326 1041 605 1086 tellexeruut.

1064 1161 1165 1213 635

489 1285 637 1332 οστις
663 1267 816 1338 νέμει
847 1264 1108 1321 καλλιστα
1138 1262 1239 1336 τὴν
1272 1259 1444 1319 αὑτοῦ
1477 1260 1668 1334 φύσιν,

489 1352 648 1418 οὗτος
680 1348 847 1421 σοφὸς
879 1352 1092 1422 πέφυκε
1124 1346 1257 1422 πρὸς
1289 1347 1347 1404 τὸ
1380 1349 1686 1420 συμφέρον.

429 1449 556 1495 Stob.
586 1450 706 1494 F.lor
737 1449 782 1500 3,
812 1449 892 1496 ΞΟ.

1081 1540 1182 1592 636

487 1637 546 1689 οὗ
571 1630 664 1699 τοὶς
694 1632 884 1704 τέχνας
918 1627 961 1686 δ’
998 1635 1209 1702 ἔχοντες
1241 1625 1570 1699 ἀθλιώτεροι

488 1721 581 1788 τῆς
612 1716 977 1789 φαυλότητος·
1011 1716 1102 1770 καὶ
1133 1712 1234 1786 γὰρ
1269 1715 1327 1768 ἐν
1360 1713 1527 1786 κοινῷ
1558 1712 1748 1781 ψέγειν

488 1798 657 1858 ἅπασι
690 1810 909 1858 κεῖσθαι
945 1798 1209 1871 δυστυχὲς
1240 1794 1378 1854 κούκ
1412 1794 1649 1868 εὐτυχές.

430 1898 558 1945 Stoh.
584 1900 701 1944 Flor.
734 1899 815 1954 61,
843 1897 890 1943 4.

1069 1975 1168 2027 637

490 2060 551 2110 ἔα
584 2059 669 2110 ἔα·

486 2134 599 2209 ὁρῶ
628 2134 673 2209 γ’
703 2135 777 2193 ἐπ’
813 2133 1000 2202 ἀκταῖς
1032 2135 1245 2208 νομάδα
1277 2129 1709 2206 κυματοφθόρον

486 2220 763 2278 ἁλιαετον
797 2221 892 2277 τὸν
922 2225 1096 2277 παῖδα
1127 2217 1410 2291 χερσεύειν
1440 2215 1620 2290 μόρος.

489 2312 538 2362 εἰ
567 2307 665 2378 μὲν
695 2304 799 2379 ’γὰρ
833 2309 891 2361 ἐκ
921 2311 1018 2377 γῆς
1051 2310 1126 2370 εἰς
1156 2302 1446 2360 θάλασσαν
1478 2307 1673 2358 ἔπτατο

485 2389 513 2445 ὁ
547 2387 740 2463 κύματ’
773 2395 942 2446 οἰκῶν
973 2387 1144 2459 ὅρνις,
1177 2383 1530 2459 ἡρμήνευσεν
1561 2381 1630 2441 ἂν
1723 2398 1751 2440 5

485 2472 580 2530 τὸν
610 2471 759 2531 παῖδ’
796 2477 854 2529 ἐν
883 2471 1076 2546 ὑγροῖς
1109 2472 1352 2543 κύμασιν
1383 2470 1733 2541 testvnxsſtrvaz

486 2561 591 2614 νῦν
625 2559 669 2613 6
708 2557 945 2614 ἐκλιπών
974 2555 1090 2628 ἤθη
1121 2579 1179 2612 τε
1213 2557 1303 2610 καὶ
1336 2554 1509 2626 νομὸν
1541 2559 1668 2624 βίου

487 2638 634 2714 δεῦρ’
668 2638 871 2698 ἔπτατ’·
907 2638 1008 2697 οὐκ
1039 2642 1143 2696 οὐν
1177 2635 1294 2696 ε”σθ
1331 2634 1359 2694 ὁ
1393 2651 1520 2703 παῖς
1552 2640 1611 2692 ἐν
1643 2639 1915 2707 οἴδμασιν.

423 2754 633 2814 Hermog.
671 2755 717 2798 in
752 2754 883 2798 Rhet.
919 2754 1005 2799 vol.
1034 2753 1062 2799 3
1100 2768 1142 2812 p.
1173 2751 1296 2798 327:
1347 2742 1517 2809 όμοιον
1551 2739 1706 2811 τούτῳ
1746 2742 1827 2791 καὶ
1865 2737 1917 2792 τὸ

320 2788 616 2880 Εὖριπίὸουδ
625 2818 676 2868 ἐν
705 2818 991 2884 Hokvfficp‘
1010 2819 1053 2867 εἰ
1076 2817 1166 2880 μὲν
1194 2847 1259 2854 —-
1287 2814 1608 2878 τεθνηκέναι’
1639 2817 1719 2876 (vs.
1745 2815 1916 2896 4-6).

322 2891 389 2957 τῷ
413 2909 508 2955 γαρ
537 2890 689 2938 οἰκῶν
725 2907 1016 2954 παρακειται
1054 2881 1110 2937 τὸ
1146 2883 1455 2953 ηρμήνευσεν
1490 2882 1577 2933 α’ν·
1631 2877 1756 2934 καθ’
1802 2875 1921 2932 αὐτὸ
1971 2945 1975 2948 Δ
