2077 3139
312 141 418 193 290
902 142 1296 185 INCERTARVM

478 285 594 357 ἣτις
623 285 727 356 γαρ
761 283 897 356 αὐτὴ
928 285 999 357 μὴ
1030 288 1275 358 πέφυκεν
1305 291 1537 356 ἔνδικος,

479 376 536 425 τί
563 375 652 426 δεῖ
677 368 983 440 φυλασσειν
1013 368 1447 441 κάξαμαρτοῖνειν
1477 371 1673 437 πλέους

419 465 544 512 Stob.
582 466 701 512 Flor.
740 466 832 525 74,
871 468 949 514 10.
1000 482 1061 511 vs.
1090 466 1119 511 2
1158 462 1346 521 ἔνδικος
1381 467 1437 526 Β,
1479 462 1620 511 ἔνδον
1653 468 1715 523 Α,
1755 461 1898 511 ενδοσ

316 536 484 581 MVind.
536 530 602 596 μὴ
628 532 812 592 πέφυκε
838 533 1014 595 κοσμία
1041 539 1184 582 suasit
1210 536 1477 593 Meinekius,
1505 525 1573 613 μὴ
1596 531 1785 594 πέφυκε
1809 548 1898 582 σω·

313 606 516 666 φρονεῖν
543 605 751 652 Cobetus.
803 621 865 651 vs.
893 606 922 652 3
950 595 1252 664 φυλάσσοντ’
1281 598 1629 665 ἐξαμαρτάνειν
1654 606 1818 651 malim.

1029 726 1160 778 1047

480 817 700 886 γυναικὶ
733 814 783 871 δ’
821 813 1000 886 ὄλβος,
1032 811 1100 887 ἢν
1132 813 1295 871 πόσιν
1325 812 1604 887 στέργοντ’
1639 822 1749 890 ἔχῃ.

417 913 542 959 Stob.
572 915 690 959 Flor.
721 913 803 971 74,
834 914 910 959 15.

1026 1005 1158 1057 1048

479 1091 602 1150 ἀλλ’
638 1092 778 1164 ἴσθ’,
815 1096 929 1167 ἐμοὶ
960 1095 1059 1166 μὲν
1089 1087 1244 1160 οὗτος
1274 1091 1376 1151 οὔκ
1407 1101 1557 1151 ἔσται
1588 1094 1769 1166 νόμος,

479 1179 538 1233 τὸ
569 1177 640 1250 μὴ
671 1177 735 1234 οὐ
767 1179 827 1234 σὲ
858 1185 1026 1250 μῆτερ
1057 1184 1332 1250 προσφιλῆ
1367 1181 1549 1250 νέμειν
1578 1176 1662 1235 ἀεὶ

481 1264 571 1317 καὶ
600 1266 697 1318 τοῦ
731 1266 946 1318 δικαίου
978 1264 1066 1318 καὶ
1098 1261 1272 1318 τόκων
1300 1265 1413 1319 τῶν
1442 1266 1557 1319 σοῖν
1587 1262 1762 1335 χάριν.

481 1348 686 1416 στέργω
720 1347 779 1402 δὲ
810 1345 904 1402 τὸν
935 1344 1189 1418 φύσαντα
1220 1353 1330 1402 τῶν
1362 1345 1585 1403 πάντων
1616 1351 1828 1417 βροτῶν

480 1426 737 1500 μάλισθ’·
770 1429 928 1501 ὁρίζω
959 1435 1137 1501 τοῦτο,
1171 1432 1259 1486 καὶ
1292 1430 1361 1486 σύ
1394 1428 1466 1501 μὴ
1496 1428 1727 1499 φθόνει·
1870 1443 1899 1484 6

480 1519 666 1569 κείνου
695 1513 798 1584 γὰρ
832 1516 1175 1583 ἐξέβλαστον·
1208 1510 1330 1570 οὐδ’
1365 1509 1434 1569 ἂν
1466 1511 1541 1579 εἷς
1571 1509 1710 1585 ἀνὴρ

479 1597 741 1666 γυναικὸς
773 1594 1084 1668 αὐδήσειεν,
1116 1596 1252 1652 ἀλλὰ
1282 1601 1379 1653 τοὺ
1409 1596 1625 1666 πατρός.

418 1691 541 1738 Stob.
569 1692 685 1739 Flor.
718 1694 800 1752 79,
827 1693 908 1740 27.
960 1710 1024 1740 vs.
1057 1696 1085 1742 6
1113 1686 1180 1749 εἷς
1205 1682 1256 1753 μ’
1287 1684 1412 1754 ἀνὴρ
1439 1697 1712 1754 scripserim.

1029 1816 1164 1867 1049

483 1906 574 1959 καὶ
606 1910 716 1960 τῶν
746 1910 994 1960 παλαιῶν
1024 1902 1180 1961 πόλλ’
1215 1910 1317 1976 ἔπη
1348 1906 1523 1968 καλῶς
1554 1910 1689 1975 ἔχει·

482 1988 633 2058 λόγοι
662 2012 765 2059 γαρ
800 1991 988 2045 ἐσθλοὶ
1018 1987 1306 2061 φάρμακον
1336 1986 1514 2059 φόβου
1544 1993 1775 2059 βροτοῖς.

419 2083 544 2129 Stob.
572 2084 692 2130 Flor.
723 2086 814 2143 81,
855 2087 899 2132 3.
952 2101 1016 2131 vs.
1045 2087 1074 2131 2
1111 2077 1294 2148 φόβου]
1332 2078 1486 2143 λύπης
1521 2093 1598 2130 aut
1622 2081 1792 2143 θυμου
1825 2097 1897 2129 ex·

315 2162 487 2214 pectes,
515 2155 569 2200 cf.
597 2155 707 2199 Men.
736 2169 854 2200 mon.
882 2156 972 2202 37:
1000 2154 1167 2214 θυμοῦ
1193 2149 1456 2215 φάρμακον
1481 2144 1685 2214 χρηστὸς
1711 2148 1862 2215 λόγος.

1027 2276 1162 2328 1050

480 2363 513 2434 ἡ
543 2363 705 2436 φύσις
738 2363 948 2441 ἑκάστῳ
978 2368 1077 2422 τοῦ
1107 2368 1298 2436 γένους
1332 2367 1480 2422 ἐστὶν
1509 2370 1716 2436 πατρίς.

419 2461 545 2506 Stob.
574 2462 692 2508 Flor.
721 2463 803 2520 87,
830 2463 927 2510 Set
953 2463 1066 2508 Men.
1093 2477 1210 2508 mon.
1235 2462 1349 2510 210.
1388 2458 1581 2525 πατρίς]
1610 2452 1766 2521 πάρος
1792 2474 1873 2506 oon

313 2531 628 2577 iecitBothius.
667 2532 843 2578 Stobaei
869 2533 1044 2578 codices
1063 2533 1137 2577 AM
1152 2535 1441 2604 coniungunt
1466 2533 1583 2578 hunc
1601 2545 1774 2577 versum
1797 2544 1895 2575 cum

313 2600 579 2659 Eplcharmi,
600 2602 636 2646 si
657 2602 782 2647 libris
809 2602 935 2661 fides,
960 2603 1083 2648 loco.
1110 2616 1202 2647 ουκ
1226 2597 1356 2647 ἔστιν
1381 2593 1540 2656 οὐδεὶς
1564 2592 1897 2661 ἀποδεδειγμέ-

312 2684 395 2725 νος
420 2662 579 2729 τόπος.
607 2660 659 2725 ὃς
684 2687 715 2730 η
741 2665 985 2733 πονηροὺς
1011 2664 1195 2726 πάντας
1219 2662 1253 2729 ἦ
1279 2665 1512 2733 χρηστοὺς
1537 2671 1678 2716 ποιεῖ.

1030 2793 1159 2845 1051

481 2885 531 2935 εἰ
558 2893 669 2945 τοῖς
701 2884 760 2937 ἐν
790 2889 924 2955 οἰκςο
955 2880 1225 2953 χρήμασιν
1256 2887 1606 2953 λελείμμεθα,
