2077 3139
286 134 390 189 302
885 131 1259 176 FRAGMENTA

1004 270 1137 322 1101

392 363 549 410 Macar.
579 361 627 422 6,
654 361 744 409 83:
771 348 973 420 ὃχληοὸς
999 353 1052 404 δὲ
1077 355 1209 416 ξένος
1234 350 1381 415 ὄψιος
1405 350 1596 417 μολων·
1623 345 1750 415 αὕτη
1776 347 1875 402 Εὗ-

287 429 481 493 ριπίὸου
519 426 659 476 ἐστίν.
711 431 979 477 Leutschius
1007 431 1170 475 conicit
1194 431 1358 491 respici
1384 429 1485 474 Eur.
1513 427 1606 474 Alc.
1633 426 1759 475 540:
1794 426 1878 472 λυ·

285 498 548 563 πουμένοις
583 494 807 562 ὀχληρός,
844 514 885 545 ει
919 492 1057 559 μόλοι
1094 494 1242 555 ξένος.

1006 635 1031 685 1
1042 633 1140 686 102

390 726 639 787 Olympiod.
664 728 706 770 in
729 725 836 770 Plat.
859 723 996 769 Aleib
1018 738 1084 783 pr.
1109 739 1150 782 p.
1165 722 1230 769 45
1245 738 1336 782 sq:
1363 708 1596 783 05v09(.›.¹,
1565 715 1761 781 Ηέρξης)
1788 709 1880 781 γὰρ

286 787 345 841 οὗ
366 790 518 856 μόνον
555 785 677 839 κατὰ
710 786 1018 852 ἀνθρώπων
1061 783 1181 836 αλλὰ
1209 788 1289 836 καὶ
1317 784 1439 836 κατὰ
1463 791 1549 849 τῆς
1574 786 1765 850 φύσεως
1790 782 1878 834 αὗ-

286 865 371 926 τῆς
406 861 488 910 καὶ
525 864 622 911 τῶν
656 863 903 925 στοιχείων
936 853 1138 926 ἐπήρετο
1174 858 1257 906 καὶ
1296 851 1360 917 ὥς
1395 856 1550 920 φησὶν
1585 852 1878 918 Εὐριπίδης,

287 928 362 982 ὅτι
386 928 636 980 θάλατταν
671 929 760 994 μὲν
788 929 1016 989 ἐπέζευξε.
1067 933 1275 992 Aeschyli
1311 933 1456 978 locum
1482 932 1603 977 Pers.
1632 930 1695 976 72
1734 930 1880 991 Olym·

286 1008 503 1069 piodorus
542 1013 769 1065 spectasse
801 1005 990 1050 videtur.
1040 1011 1161 1049 certe
1197 1017 1287 1047 non
1325 1002 1513 1047 debebat
1548 1016 1600 1046 ex
1635 1001 1679 1046 h.
1707 1001 1737 1045 l.
1775 1014 1880 1046 con·

287 1077 405 1123 cludi
433 1076 656 1136 Euripidis
683 1089 785 1121 esse
812 1077 1019 1120 timetros
1046 1088 1067 1118 a
1095 1073 1210 1118 Plut.
1239 1072 1346 1118 Mor.
1377 1087 1417 1132 p.
1449 1072 1548 1118 110
1573 1071 1603 1115 D
1631 1070 1834 1116 traditos.

1016 1207 1150 1260 1103

392 1300 650 1376 Olympiod.
665 1301 709 1344 in
735 1299 848 1344 Plat.
876 1298 1014 1343 Alcib.
1043 1312 1108 1375 pr.
1137 1312 1178 1357 p.
1211 1296 1308 1343 166
1338 1310 1429 1355 sq.:
1466 1281 1587 1338 ἄλλα
1622 1287 1704 1337 καὶ
1741 1293 1878 1351 φιλο-

288 1368 586 1446 γυμναστίαν
621 1359 809 1428 ήσκουν
843 1358 975 1425 παοα
1009 1358 1093 1412 τὸν
1116 1355 1356 1425 Ευρώταν
1383 1362 1561 1418 κοινῶς
1595 1353 1771 1420 ἄνδρες
1797 1358 1878 1408 καὶ

287 1431 646 1503 γυμναζόμενοι
685 1437 742 1500 (1.
780 1430 954 1498 ἅνὸοες
989 1433 1071 1481 καὶ
1099 1452 1188 1497 γυι
1193 1437 1326 1490 αἰκες
1351 1426 1754 1498 γυμναζόμενοι).
1809 1448 1876 1480 re·

288 1514 400 1573 spici
434 1512 610 1556 videtur
644 1510 749 1554 Eur.
787 1509 921 1553 Andr.
962 1507 1062 1554 595
1098 1522 1197 1567 sqq.

1003 1642 1138 1693 1104

455 1727 497 1792 ὦ
527 1739 636 1791 Ζεῦ
667 1730 917 1788 πανόπτα
949 1732 1040 1786 καὶ
1070 1728 1308 1787 κατόπτα
1339 1731 1620 1802 πανταχοῦ

390 1847 621 1906 Aristoph.
659 1846 766 1890 Aeh.
803 1843 931 1891 435:
971 1834 1008 1887 ὦ
1042 1841 1137 1887 Ζεῦ
1176 1834 1352 1886 διόπτα
1387 1835 1468 1885 καὶ
1503 1833 1720 1884 κατόπτα
1752 1854 1876 1884 παν-

286 1915 424 1981 ταχῇ.
475 1918 583 1962 haec
608 1915 739 1960 verba
767 1921 816 1959 ut
843 1914 925 1959 alia
952 1913 1090 1958 multa
1116 1912 1278 1958 ibidem
1307 1926 1358 1956 ex
1384 1910 1594 1971 Euripide
1620 1910 1878 1956 adumbrata

288 2003 387 2035 esse
413 1989 666 2047 suspicatur
690 1984 933 2030 Meinekius
969 1983 1069 2028 coll.
1109 1996 1333 2056 anonymo
1371 1981 1423 2026 de
1449 1980 1571 2025 Arati
1606 1981 1795 2054 interpr.
1831 1981 1876 2025 in

286 2059 435 2104 Petavi
463 2056 640 2101 Vranol.
679 2069 721 2113 p.
752 2053 850 2100 275
880 2053 931 2097 C:
967 2047 1131 2111 μεσταὶ
1169 2047 1221 2097 δὲ
1249 2039 1369 2107 Διὸς
1393 2048 1545 2094 πᾶσαι
1571 2044 1660 2109 μὲν
1684 2039 1873 2126 αγυιαί

286 2119 360 2173 ότι
395 2142 475 2170 και
517 2121 570 2170 οἱ
597 2119 793 2182 ποιηταὶ
838 2114 1096 2180 πανόπτην
1137 2119 1338 2167 καλοῦσι
1383 2119 1642 2179 πανταχοῦ.
1708 2134 1745 2164 ω
1779 2115 1879 2164 Ζεῦ

286 2190 530 2244 πανόπτα.
581 2190 664 2239 καὶ
697 2185 855 2253 ἠέλιος
880 2183 934 2247 ὃς
958 2184 1101 2237 παντ7
1133 2187 1331 2268 ἐφορᾷς.
1371 2190 1446 2236 uhi
1468 2189 1751 2236 scribendum
1777 2203 1877 2235 esse

288 2268 578 2314 arbitratur
565 2258 822 2322 πανόπτην
857 2260 1116 2307 καλοῦσιν·
1155 2253 1223 2337 (αἶ)
1256 2258 1353 2306 Ζεῦ
1393 2251 1619 2304 πανόπτα
1655 2254 1738 2303 καὶ
1764 2273 1876 2303 κατ·

287 2331 414 2383 όπτα
441 2333 719 2396 πανταχοῦ’
749 2328 830 2378 καὶ
860 2326 1047 2392 (ἠέλιος
1072 2322 1125 2388 ὃς
1150 2323 1297 2377 παντ’
1326 2325 1554 2395 ἐφορᾷς’.

1003 2467 1136 2519 1105

391 2558 720 2606 Anecd.Bekk.
768 2557 976 2617 p.338‚
1023 2556 1110 2601 14:
1153 2546 1321 2631 αγλαι
1364 2543 1512 2612 όμμα.
1578 2541 1868 2610 Εὐριπίδης.

287 2631 413 2678 locus
447 2637 711 2689 corruptus:
747 2628 987 2687 legendum
1023 2627 1197 2671 videtur
1230 2613 1499 2686 ἆγλαισμα,
1534 2636 1624 2684 quo
1658 2620 1872 2668 vocabulo

287 2703 466 2762 saepius
493 2702 635 2745 utitur
662 2697 911 2758 Euripides.

1003 2804 1027 2854 1
1040 2801 1137 2854 106

452 2879 711 2937 ἀλίαστον
