2077 3139
257 143 354 195 140
880 143 1254 188 ΜΕΛΕΑΓΡΟΣ

1001 284 1103 336 518

357 373 507 418 Sehol.
545 373 655 419 Plat.
698 388 742 433 p.
780 373 879 420 965
910 387 933 418 a
970 372 1059 420 28:
1097 361 1361 429 Ἀδώνιδος
1403 370 1580 435 κῆποι,
1625 366 1704 418 ε’πι
1745 370 1844 419 τῶν

253 430 428 515 ἆώρῳν
461 437 547 488 καὶ
590 433 937 518 ὀλιγοχρονίων
980 437 1066 487 καὶ
1101 434 1169 502 μὴ
1212 439 1564 505 ε’ρριζωμένων.
1623 435 1845 505 ἐμνήσθη

255 507 307 559 δὲ
332 511 484 570 αυτῆς
509 507 592 557 καὶ
620 502 895 576 Ευριπίδης
921 512 1242 578 Μελανίππῃ.

837 651 1274 693 ἸΝΙΕΑΕΑΓΡΟΣ

358 737 621 783 Plutarchus
655 739 765 784 Mor.
801 754 844 798 p.
873 737 972 784 312
1000 740 1060 783 A:
1083 728 1240 799 ’Ἄρης
1268 730 1480 803 Ἀλθαίᾳ
1513 735 1729 797 συνῆλθε
1761 732 1845 783 καὶ

255 803 545 867 Μελέαγρον
564 802 790 867 ποιήσας,
820 800 884 862 ὡς
905 797 1167 868 Ευριπίδης
1194 805 1246 854 ἐν
1266 788 1555 872 Μελεάγρῳ.
1597 810 1650 854 de
1674 811 1846 870 mytho,

255 891 386 937 quem
411 886 512 924 ante
539 879 792 938 Euripidem
819 878 1094 938 Sophocles,
1131 887 1288 940 postea
1314 880 1386 925 alii
1424 887 1750 939 tractaverunt,
1788 879 1845 924 cf.

252 949 457 1007 Apollod.
490 949 544 1006 1,
572 948 630 1007 8,
659 949 687 993 2
717 956 760 993 et
788 948 817 994 3
859 949 978 993 Ovid.
1007 949 1108 994 Met.
1137 951 1192 1006 8,
1233 949 1525 996 270—545
1571 950 1731 1009 Hygin.
1758 949 1845 994 sab.

257 1018 355 1064 174
400 1018 549 1063 Schol.
577 1018 626 1063 ΙΙ.
660 1019 708 1066 Ι
750 1018 851 1065 534
879 1018 993 1065 548.
1044 1019 1199 1064 eodem
1234 1027 1497 1078 argumento
1534 1026 1742 1065 enarrate
1781 1020 1848 1064 10-

254 1089 421 1133 hannes
447 1088 544 1133 Mal.
573 1103 616 1147 p.
648 1088 765 1145 166,
792 1088 824 1133 4
853 1089 961 1135 haec
986 1089 1130 1134 addit:
1157 1079 1183 1133 ὁ
1211 1080 1363 1147 σοφὸς
1386 1079 1661 1147 Εὐριπίδης
1688 1084 1847 1149 δρᾶμα

253 1152 364 1218 περὶ
391 1155 476 1201 τοῦ
510 1149 667 1202 αὐτοῦ
691 1150 985 1218 Μελεάγρου
1019 1153 1227 1216 εξὲθετο.
1280 1159 1577 1219 probabiliter
1612 1159 1702 1204 huc
1735 1159 1848 1204 rela-

254 1236 349 1273 tum
377 1236 445 1273 est
469 1228 716 1288 adespoton
745 1229 800 1273 fr.
831 1229 954 1274 152:
993 1228 1030 1275 ὠ
1054 1227 1182 1288 Ζεῦ,
1219 1225 1407 1290 γένοιτο
1444 1227 1738 1290 καταβαλεῖν
1764 1219 1849 1273 τὸν

255 1296 349 1343 σῦν
400 1292 492 1356 ἐμέ.
560 1299 797 1357 Euripidea
849 1299 998 1344 sabula
1042 1300 1206 1359 respici
1258 1300 1434 1345 videtur
1477 1299 1629 1345 Schol.
1678 1298 1845 1358 Vergil.

253 1371 363 1413 Aen.
393 1368 474 1427 12,
500 1367 625 1415 468:
652 1370 744 1414 has
769 1372 1008 1430 vi'raymes
1033 1365 1270 1432 dici[mus,
1297 1405 1307 1415 .
1337 1365 1374 1433 .]
1404 1372 1561 1430 quales
1586 1372 1635 1415 in
1662 1375 1848 1431 tragoe-

253 1440 342 1484 diis
366 1441 595 1485 Atalanta
621 1441 844 1486 traditur.

1006 1531 1112 1586 519

423 1620 700 1678 Καλυδών
728 1622 829 1694 μὲν
858 1618 959 1694 ἥδε
989 1635 1136 1694 γαῖα,
1170 1628 1449 1689 Πελοπίας
1480 1621 1680 1695 χθονὸς

425 1709 484 1763 ἐν
514 1704 909 1778 ἀντιπόρθμοις
940 1705 1089 1763 πεδί’
1126 1704 1308 1779 ε’χουσ’
1345 1705 1667 1780 εὐδαίμονα·

427 1789 632 1856 Οἰνεύς
665 1788 716 1846 δ’
752 1787 980 1847 άνάσσει
1009 1793 1174 1862 τῆσδε
1203 1793 1303 1863 γῆς
1333 1797 1627 1862 Αἰτωλίας,

423 1873 751 1946 Πορθάονος
782 1889 930 1946 παῖς,
962 1872 1020 1941 ὅς
1051 1872 1173 1931 ποτ’
1203 1872 1469 1932 Ἀλθαίαν
1499 1890 1678 1948 γαμεῖ,

424 1957 613 2030 Λήδας
643 1956 896 2031 ὅμαιμον,
931 1965 1163 2015 Θεστίου
1196 1961 1255 2016 δὲ
1286 1961 1586 2033 παρθένον.
1719 1976 1745 2017 5

361 2057 548 2101 Aristot.
576 2057 703 2102 Rhet.
734 2057 793 2114 3,
823 2057 850 2102 9
888 2072 932 2117 p.
967 2056 1145 2104 14091)
1175 2058 1262 2104 1οε
1305 2052 1383 2101 δεῖ
1412 2051 1462 2102 δὲ
1494 2049 1584 2116 τὴν
1619 2053 1851 2132 περίοδον

256 2120 340 2170 καὶ
366 2124 425 2190 τῇ
453 2121 644 2170 διανοία
669 2092 984 2171 τετελεῶσθαι
1017 2121 1098 2170 καὶ
1124 2121 1189 2186 μὴ
1220 2119 1573 2173 διακόπτεσθαι
1603 2122 1765 2188 ω’σπερ
1791 2143 1851 2172 τα

258 2191 570 2254 Σοφοκλέους
611 2193 808 2259 ἰαμβεῖα
850 2187 1119 2242 Καλυδὼν
1156 2223 1218 2230 —
1255 2190 1468 2256 χθονός’
1517 2197 1599 2256 (vs.
1640 2198 1700 2257 1.)
1775 2197 1850 2243 ubi

257 2266 434 2312 Scholia
461 2266 541 2313 sol.
571 2268 632 2314 61
662 2267 689 2312 b
726 2268 815 2314 29:
857 2257 1126 2348 ‘'Kakvcicbv
1163 2283 1254 2325 μεν
1286 2257 1374 2325 ήδε
1407 2267 1552 2328 γαῖα’
1589 2265 1674 2312 τοῦ
1706 2255 1849 2323 Εὔρι-

259 2332 407 2381 πίδου
435 2332 587 2395 ἐστίν,
615 2338 772 2382 κεῖται
798 2331 897 2382 δὲ’
877 2351 926 2381 εν
953 2335 1023 2401 τῷ
1050 2329 1378 2401 Μελεάγρῳ(
1392 2332 1443 2382 ἐν
1474 2363 1530 2370 —
1561 2335 1851 2421 παρθένον’

258 2406 338 2464 (v.s
368 2406 537 2466 2-5).
589 2408 750 2453 ibidem
779 2408 855 2452 fol.
887 2408 947 2454 61
974 2423 996 2452 a
1021 2407 1087 2452 42
1125 2423 1280 2454 versus
1309 2410 1478 2468 primus
1507 2408 1714 2453 affertur:
1742 2398 1853 2452 οἷόν

258 2471 354 2520 ἐστι
391 2468 444 2520 τὸ
480 2471 724 2537 ‘ye'ioctQ
753 2477 875 2536 Ζεῦ,
913 2467 995 2521 τὸν
1020 2475 1114 2522 σῦν
1129 2477 1434 2553 καταβαλεῖν
1469 2473 1578 2536 ε’μέ’
1615 2493 1699 2521 και
1741 2469 1854 2522 οἷόν

244 2542 354 2591 ἐ’στι
390 2541 474 2590 καὶ
509 2540 563 2591 τό
601 2537 866 2592 (Καλυδων
896 2572 952 2579 -
985 2540 1213 2606 χθονός’.
1264 2564 1327 2594 vs.
1361 2549 1386 2593 1
1427 2556 1471 2593 et
1498 2548 1526 2592 2
1564 2547 1729 2593 habent
1765 2548 1850 2592 Lu·

258 2619 413 2662 cianus
440 2617 589 2678 Symp.
619 2616 683 2663 25
719 2617 804 2662 vol.
835 2617 863 2663 3
899 2632 943 2677 p.
970 2618 1072 2665 436
1105 2618 1353 2664 Demetrius
1389 2618 1442 2662 de
1469 2618 1579 2663 eloe.
1616 2632 1652 2662 c.
1680 2617 1746 2664 58
1775 2617 1848 2674 (cf.

259 2688 387 2746 Greg.
416 2688 515 2732 Cor.
544 2687 670 2732 Rhet.
699 2687 785 2732 vol.
811 2687 838 2732 7
866 2702 907 2747 p.
935 2687 1102 2747 1214).
1152 2703 1216 2735 vs.
1241 2690 1268 2734 1
1297 2687 1445 2734 Schol.
1475 2689 1549 2732 Ar.
1579 2687 1686 2732 Rau.
1719 2687 1849 2734 1238

259 2756 371 2815 (vide
395 2757 449 2803 fr.
477 2755 611 2817 520).

1007 2824 1112 2876 520

429 2897 633 2965 Οἰνεύς
663 2895 784 2956 ποτ’
820 2902 879 2956 ἐκ
908 2901 1007 2971 γῆς
1037 2897 1380 2972 πολύμετρον
1410 2897 1597 2970 λαβὼν
1628 2896 1835 2971 στάχυν
