2077 3139
809 134 1088 176 ANTIOHH
1657 131 1723 183 41

141 271 331 334 ἐξέθετο
373 272 530 336 δρᾶμα
576 265 637 332 ὦς
681 269 757 322 ’ὅτι
799 265 825 321 ὃ
872 267 995 330 Ζευς
1037 272 1104 330 εἰς
1145 269 1358 353 σάτυρον
1401 271 1725 353 μεταβληθεὶς

144 345 343 404 ἔφθειρε
379 338 469 405 τὴν
499 340 762 405 Ἀντιόπην
795 334 1030 390 κάκεῖθεν
1057 340 1107 405 ἐ)
1111 343 1301 404 εννήθη
1328 337 1352 390 ὁ
1379 344 1547 403 Ζῆθος
1582 342 1664 389 καὶ
1701 335 1727 390 ὁ

138 409 356 477 Ἀμφίων
383 415 435 461 οἱ
447 415 685 476 μουσικοί.
725 417 925 476 Hyginus
946 416 1029 462 sab.
1051 416 1105 463 8:
1148 419 1309 463 eadem
1329 415 1556 476 (Antiopa)
1586 417 1727 461 Euri·

140 491 280 546 pidis,
317 503 456 546 quam
491 488 655 532 scribit
689 487 888 531 Ennius.
948 487 1122 543 Nyctei
1161 490 1287 545 reqis
1318 489 1366 530 in
1402 487 1600 532 Boeotia
1632 485 1728 543 fuit

142 560 242 616 filia
271 558 489 614 Antiopa.
539 560 640 602 eius
661 557 850 615 formae
885 557 1089 602 bonitate
1113 556 1334 613 Iuppiter
1360 557 1594 600 adductus
1615 570 1728 614 yra-

145 629 295 672 vidam
312 626 446 684 fecit.
483 641 621 684 quam
636 632 780 684 pater
802 639 907 671 cum
934 629 1108 683 punire
1130 628 1264 670 vellet
1277 631 1481 682 propter
1495 631 1725 682 stuprum,

144 700 365 741 minitans
384 698 652 752 periculum
677 698 881 752 Antiopa
909 698 1091 754 effugit.
1130 708 1249 740 casu
1268 699 1315 739 in
1343 696 1497 739 eodem
1515 697 1619 739 loco
1639 708 1729 753 quo

144 769 226 811 illa
248 771 553 823 pervenerat,
580 764 817 823 Epaphus
843 761 991 823 (immo
1014 763 1254 823 Epopeus)
1283 764 1532 823 Sicyonius
1557 765 1728 808 stabat.

144 839 186 880 is
208 838 447 880 mulierem
473 837 717 880 advectam
742 837 873 880 domo
898 837 1191 880 matrimonio
1216 848 1300 880 suo
1327 837 1497 879 iunxit.
1537 836 1586 878 id
1604 834 1730 892 Nyc-

147 911 250 950 teus
275 917 419 964 aeyre
441 905 633 962 ferens,
673 919 777 950 cum
802 911 1070 950 moreretur
1093 904 1221 962 Lyco
1252 904 1406 962 fratri
1433 917 1516 949 suo
1539 917 1632 961 per
1656 904 1732 948 ob-

146 978 438 1020 testationem
462 976 669 1030 mandat,
700 977 779 1019 cui
804 981 898 1019 tum
918 988 1114 1034 reynum
1135 975 1444 1032 relinquebat,
1473 985 1532 1018 ne
1556 976 1732 1030 inpune

147 1046 351 1101 Antiopa
373 1043 547 1102 ferret.
595 1045 735 1089 huius
765 1051 872 1102 post
908 1050 1101 1089 mortem
1127 1044 1286 1101 Lycus
1313 1043 1559 1102 Sicyonem
1594 1046 1731 1087 venit.

146 1114 401 1171 interfecto
428 1115 632 1171 Epapho
658 1116 907 1171 Antiopam
944 1117 1146 1158 vinctam
1181 1114 1379 1158 abduxit
1412 1116 1460 1157 in
1491 1112 1732 1157 Cithaero-

146 1197 248 1229 nem
265 1204 276 1226 .·
295 1187 430 1240 parit
446 1183 654 1242 qeminos
675 1190 717 1227 et
738 1186 940 1241 reliquit.
968 1197 1083 1242 quos
1096 1189 1269 1239 pastor
1289 1184 1517 1238 educavit,
1542 1183 1734 1226 Zethum

148 1260 192 1299 et
217 1252 520 1310 Amphionem
545 1256 811 1298 nominavit.
861 1254 1063 1310 Antiopa
1090 1253 1270 1297 Dircae
1307 1255 1454 1297 uxori
1476 1253 1596 1310 Lyci
1618 1253 1732 1296 data

148 1329 255 1369 erat
279 1326 323 1367 in
352 1325 630 1367 cruciatum.
683 1335 739 1366 ea
773 1326 1021 1368 occasione
1049 1329 1192 1367 nacta
1214 1322 1367 1381 fuyae
1403 1335 1453 1367 se
1477 1323 1732 1366 mandavit.

148 1395 332 1438 devenit
357 1393 421 1436 ad
440 1394 564 1450 filios
590 1405 721 1451 suos,
743 1405 806 1437 ex
823 1394 990 1451 quibus
1002 1392 1176 1437 Zethus
1194 1391 1734 1451 eoez‘stimansfuqitivam

149 1476 241 1507 non
268 1458 463 1519 recepit.
490 1465 535 1506 in
564 1463 757 1507 eundem
775 1465 928 1507 locum
941 1463 1084 1507 Dirce
1100 1475 1193 1519 per
1212 1462 1566 1506 bacchationem
1582 1461 1738 1505 Liberi

147 1534 259 1577 illuc
285 1531 333 1588 (s.
363 1530 491 1589 tunc)
517 1533 676 1576 delata
704 1537 787 1576 est.
825 1533 890 1576 ibi
912 1534 1163 1589 Antiopam
1190 1538 1429 1588 repertam
1457 1533 1521 1575 ad
1542 1537 1735 1575 mortem

150 1602 452 1647 extrahebat.
488 1603 572 1646 sed
596 1603 654 1646 ab
682 1603 936 1647 educatore
948 1609 1145 1658 pastore
1159 1603 1482 1646 adolescentes
1505 1603 1736 1645 certiores

145 1671 274 1731 facti
306 1683 409 1716 eam
443 1683 546 1716 esse
571 1678 767 1716 matrem
796 1685 954 1726 suam,
1002 1674 1223 1716 celeriter
1258 1674 1501 1716 consecuti
1534 1676 1737 1714 matrem

152 1744 452 1799 eripuerunt,
489 1742 669 1786 Dircen
705 1742 770 1785 acl
804 1747 993 1786 taurum
1029 1742 1239 1786 crinibus
1274 1743 1519 1800 religatam
1544 1746 1734 1784 necant.

150 1812 329 1867 Lycum
355 1824 459 1855 cum
486 1813 703 1856 occulere
732 1813 922 1865 vellent,
963 1814 1102 1856 vetuit
1128 1823 1206 1855 eos
1230 1811 1505 1855 Mercurius
1531 1815 1575 1854 et
1600 1809 1735 1854 simul

151 1883 284 1926 iussit
309 1880 485 1938 Lycum
512 1881 772 1926 concedere
792 1893 987 1940 reqnum
1008 1881 1270 1956 Amphioni
1314 1879 1518 1953 Apollod.
1542 1879 1590 1936 3,
1610 1880 1659 1936 5,
1681 1879 1733 1923 5:

146 1939 376 2007 Ἀντιόπη
401 1943 623 2009 θυγάτηρ
657 1940 720 2008 ἦν
758 1946 1016 2002 Νυκτέως·
1059 1943 1210 2023 ταύτῃ
1237 1939 1357 2003 Ζευς
1384 1946 1644 2006 συνηλθεν.
1696 1940 1734 2005 ὴ

153 2015 202 2064 ὁὲ
233 2008 295 2074 ὡς
321 2015 489 2079 ἔγκυος
516 2014 619 2080 έγέι
624 2032 724 2072 ετο,
760 2016 846 2063 τοῦ
873 2010 1049 2077 πατρὸς
1073 2009 1389 2074 απειλοι·ντος
1413 2015 1479 2072 εἰς
1506 2015 1701 2062 Σικυῶι
1707 2033 1737 2061 α

152 2078 500 2149 ἀποδιδράσκει
526 2085 648 2147 πρὸς
676 2076 867 2134 Επωπέ
869 2105 898 2132 α
925 2083 1007 2133 καὶ
1034 2083 1186 2153 τούτῳ
1221 2104 1457 2165 γαμειται.
1510 2079 1737 2141 Νυκτεὺς

155 2155 204 2205 δὲ
229 2152 495 2218 α’θυμησας
529 2153 701 2204 ἑαυτὸν
735 2153 914 2217 φοιεύε
895 2175 960 2218 cc,
1012 2148 1124 2213 ὁους
1155 2138 1368 2217 ἐντολὴν
1401 2150 1559 2220 Λύκῳ
1602 2151 1737 2216 παρὰ

145 2221 406 2283 Επωπέως
432 2224 515 2273 καὶ
540 2246 670 2290 παρα
690 2220 942 2287 Ἀντιόπης
977 2227 1144 2302 λαβεῖν
1180 2225 1332 2283 δίκας.
1382 2243 1406 2272 o
1436 2223 1485 2272 ὁὲ
1512 2241 1677 2287 στρατε
1659 2243 1735 2271 cv-

153 2311 357 2359 σαμενος
385 2298 615 2344 Σινυώνα
642 2315 688 2376 Z?
675 2297 909 2356 ιρούται,
947 2315 1029 2343 και
1057 2289 1141 2343 τὸν
1165 2293 1254 2357 μὲν
1283 2290 1476 2343 Επωπέ
1477 2314 1507 2340 α
1542 2294 1736 2356 κτείνει,

152 2362 244 2426 τὴν
281 2363 330 2414 δὲ
357 2359 620 2428 Αντιόπην
652 2361 834 2429 ἢγαγεν
868 2363 1182 2427 αἰχμάλωτον.
1243 2358 1281 2425 ἡ
1318 2363 1369 2413 δὲ
1402 2361 1616 2427 ἀγομένη
1650 2359 1737 2410 δύο

154 2441 342 2516 γεννᾷ
330 2435 549 2492 παῖδας
533 2447 587 2484 εν
603 2430 916 2514 Ελευθεραῐς
943 2434 1199 2515 (έκευθέρῳ
1225 2437 1342 2500 libri)
1371 2454 1455 2498 της
1484 2433 1737 2494 Βοιωτίας,

154 2523 240 2563 ους
265 2504 570 2568 ἐγκειμένους
594 2498 748 2567 εὑρών
774 2502 1010 2568 βουκόλος
1022 2504 1061 2569 *)
1097 2499 1386 2567 ἀνατρέφει,
1424 2502 1506 2551 καὶ
1540 2496 1623 2551 τὸν
1650 2500 1739 2565 μὲν

265 2670 308 2724 *)
341 2668 416 2724 Ορ
422 2673 538 2714 δίων
576 2670 740 2714 dicitur
779 2684 806 2713 a
844 2669 1120 2726 Cephalione
1158 2670 1253 2713 Ioh.
1292 2669 1397 2712 Mal.
1510 2672 1564 2710 47
1604 2668 1650 2710 et
1684 2670 1739 2709 48

156 2725 426 2781 (Cedren.p
431 2729 546 2779 ..44)
596 2740 762 2770 nomen
791 2726 880 2769 loci
906 2685 988 2769 ubi
1018 2726 1184 2769 Zethus
1215 2728 1259 2769 et
1288 2725 1518 2790 Amphion
1548 2722 1741 2793 expositi

155 2781 259 2829 sint,
290 2782 337 2824 in
365 2782 534 2825 Malala,
564 2790 848 2845 corruptum:
881 2778 932 2824 ἐν
969 2784 1023 2836 τῇ
1054 2799 1184 2838 κωιιῃ
1213 2783 1266 2837 τῇ
1297 2779 1522 2850 λεγομένη
1554 2777 1740 2833 ρασθὲᾳ

155 2851 199 2893 p.
228 2842 296 2890 47,
332 2843 364 2879 Ἰ.
407 2835 456 2880 ἐν.
486 2839 568 2881 τοῦ
591 2838 732 2892 δέρας
753 2833 875 2887 θέας
908 2840 1079 2892 χωρίου
1116 2852 1160 2893 p.
1192 2842 1262 2890 47,
1294 2842 1361 2880 20.
1403 2834 1451 2879 έν
1469 2836 1720 2890 ’ἦΕρασθαι
1719 2851 1740 2876 J

158 2895 308 2949 χωρίῳ
326 2853 507 2951 ,Θηβῶν
538 2894 686 2938 TzetZ.
717 2893 856 2948 Exeg.
890 2892 940 2935 11.
971 2908 1014 2949 p.
1049 2899 1140 2943 133,
1171 2898 1210 2937 8.
