2077 3139
590 154 957 198 FABVLARVM
976 155 1194 197 FRAGM.
1455 151 1459 155 ’
1614 155 1719 209 293

308 385 588 447 πέπονθας
618 378 706 438 οἶα
736 378 948 454 χᾶτεροι
979 383 1167 438 πολλοὶ
1199 386 1436 453 βροτῶν·

306 466 399 532 τὰς
429 464 532 539 γὰρ
562 463 839 537 παρούσας
861 463 986 537 οὐχὶ
1016 463 1274 540 σῴζοντες
1305 465 1469 538 τύχας

309 546 501 607 ὤλοντ’
537 552 764 619 ἐρῶντες
794 547 1055 620 μειζόνων
1087 546 1332 623 ἀβουλίᾳ.

245 646 371 693 Stob.
400 647 518 692 Flor.
549 646 664 703 108,
692 645 772 692 25.

858 765 990 818 1063

309 852 531 926 ἀνδρῶν
560 852 683 911 ταδ’
720 856 866 910 ἐστὶν
899 858 1130 911 ἐνδίκων
1159 878 1216 911 τε
1247 857 1335 911 καὶ
1368 863 1576 929 σοφῶν,

309 936 412 994 κᾶν
445 950 557 1004 τοῖς
587 953 800 995 κακοῖσι
829 937 900 1010 μὴ
932 945 1288 1011 τεθυμῶσθαι
1319 950 1489 1006 θεοῖς.

244 1048 368 1095 stol).
403 1050 520 1095 Flor.
550 1050 675 1107 108,
710 1050 800 1096 43:
836 1040 1127 1111 Εὐριπίδου.
1180 1042 1403 1111 ἀνδρῶν
1438 1077 1507 1084 -
1539 1052 1719 1106 θεοῖς.

141 1133 203 1164 vs.
233 1118 261 1163 2
297 1119 396 1173 τοῖς
432 1115 634 1164 δεινοῖσι
661 1119 839 1165 Stobaei
865 1119 992 1178 libri,
1030 1121 1130 1174 τοῖς
1163 1121 1354 1165 κακοῖσι
1389 1121 1502 1166 Plut.
1530 1122 1637 1167 Mor.
1675 1136 1720 1182 p.

146 1188 244 1234 116
265 1188 321 1233 F:
349 1183 431 1232 καὶ
463 1178 487 1233 ὁ
515 1180 741 1250 τραγικὸς
770 1182 1050 1249 Αἰσχύλοςε
1066 1181 1259 1247 ἀνδρῶν
1284 1183 1378 1252 γάρ
1404 1185 1577 1235 ἐστιν’
1556 1187 1722 1248 εναρέ-

142 1272 240 1302 των
265 1271 314 1303 τε
339 1254 421 1302 καὶ
449 1257 618 1317 σοφῶν
645 1254 696 1304 ἐν
720 1260 819 1313 τοῖς
845 1261 1040 1304 κακοῖσι
1068 1252 1132 1319 μὴ
1160 1257 1483 1319 τεθυμῶσθαι
1509 1259 1685 1314 θεοῖς’.

428 1455 432 1457 Δ
872 1394 1006 1446 1064

309 1479 410 1539 οὐκ
441 1490 552 1539 ἔστι
576 1481 751 1554 λύπης
781 1479 912 1539 ἄλλο
943 1482 1231 1555 φάρμακον
1261 1489 1475 1554 βροτοῖς

311 1564 383 1630 ὠς
414 1565 613 1637 ἀνδρὸς
645 1569 849 1622 ἐσθλοῦ
879 1569 967 1622 καὶ
1001 1573 1167 1637 φίλου
1198 1574 1542 1638 παραίνεσις·

310 1646 453 1714 ὅστις
485 1650 545 1705 δὲ
574 1648 743 1723 ταύτῃ
775 1652 842 1721 τῇ
871 1648 1015 1723 νόσῳ
1048 1648 1228 1716 ξυνὼν
1259 1648 1396 1721 ἀνήρ
1431 1697 1440 1706 .
1475 1694 1488 1706 .
1521 1696 1531 1707 .
1565 1696 1578 1708 .

311 1734 456 1805 μέθῃ
487 1732 742 1805 ταράσσει
772 1735 861 1788 καὶ
894 1740 1166 1804 γαληνίζει
1197 1736 1392 1837 φρένα,

313 1815 563 1887 παραυτὰ
595 1814 645 1872 δ’
682 1815 876 1886 ἡσθεὶς
906 1814 1137 1889 ὕστερον
1168 1819 1346 1873 στένει
1379 1821 1558 1873 διπλᾶ.
1644 1834 1688 1874 5·

252 1927 376 1973 8ῑο1).
403 1926 522 1972 Flor.
554 1927 669 1987 113,
697 1927 751 1974 5·
778 1925 864 1971 τοῦ
891 1918 1041 1972 αὐτοῦ
1068 1916 1251 1988 (Ευρη)
1302 1921 1429 1972 εοὐκ,
1449 1953 1511 1959 -
1534 1924 1725 1975 διπλᾶ’.

146 2003 251 2058 post
275 2012 338 2042 vs.
357 1997 386 2043 3
414 1996 641 2075 quaedam
655 1998 866 2043 excidisse
885 2000 926 2042 vi
931 1998 1105 2043 lentur
1140 2013 1201 2043 vs.
1220 1998 1248 2043 5
1271 1988 1527 2074 παραυτίχ’
1557 1987 1727 2074 ἡσθεὶς

147 2067 340 2124 Gesner,
365 2057 585 2123 παραύθ’
625 2056 700 2112 ὁδ’
729 2058 901 2127 ἡσθεὶς
927 2067 1059 2113 Dobr.
1073 2058 1230 2127 ,παρ’
1259 2082 1382 2112 αντα
1408 2057 1646 2130 (παραυτα
1670 2067 1727 2125 Μ)

147 2124 191 2181 δ
220 2129 391 2197 ἡσθεὶς
417 2134 534 2182 libri.

874 2244 1006 2295 1065

314 2324 355 2387 ὦ
386 2336 573 2402 γῆρας,
605 2335 726 2388 οἵαν
758 2330 933 2387 ἐλπίδ’
972 2331 1170 2402 ἡδονῆς
1202 2337 1355 2403 ἔχεις,

315 2416 405 2469 καὶ
434 2416 538 2479 ποῖς
568 2438 645 2479 τις
676 2421 752 2479 εἰς
783 2416 842 2471 σὲ
872 2413 1090 2485 βούλετ’
1124 2412 1439 2485 ἀνθρώπων
1468 2422 1679 2486 μολεῖν·

315 2495 502 2568 λαβών
534 2498 594 2553 δὲ
624 2512 821 2569 πεῖραν
851 2501 1206 2569 μεταμέλειαν
1237 2497 1520 2570 λαμβάνει,

315 2579 385 2646 ὡς
414 2577 578 2636 ούδεν
610 2587 721 2637 ἔστι
751 2593 934 2653 χεῖρον
965 2585 1023 2637 ἐν
1053 2585 1241 2657 θνητῳ
1269 2586 1428 2653 γένει.

249 2690 373 2737 Stob
400 2690 519 2736 Flor.
551 2692 666 2747 116,
696 2692 748 2737 6·
775 2690 860 2736 τοῦ
885 2682 1038 2736 αυτοῦ
1064 2685 1208 2749 (Εὐρ.
1217 2697 1252 2752 )
1300 2676 1364 2736 (ὦ
1386 2689 1537 2752 γῆρας
1560 2717 1624 2724 -
1651 2686 1727 2752 γέ-

147 2761 251 2805 νει’
327 2775 392 2806 vs.
424 2760 452 2805 2
486 2750 676 2820 βούλετ’
712 2750 1017 2824 ἀνθρώπων]
1055 2757 1241 2822 ἕτοιμος
1274 2751 1555 2822 ἀνθρώπων
1592 2762 1727 2806 Elms·

149 2829 289 2887 leius‚
328 2823 550 2890 βούλεται
577 2827 766 2890 βροτῶν
791 2831 1049 2877 Meinekius.
1098 2847 1159 2877 vs
1187 2833 1216 2878 3
1242 2827 1522 2891 μεταμέλεια
1550 2822 1728 2893 λαμβά-

149 2912 222 2944 νει
246 2899 509 2960 Meinekius,
535 2896 847 2961 μεταμέλειαν
871 2892 1082 2961 ἆλφοῖνει
1110 2902 1454 2947 Heimsoethius.
