2077 3139
291 131 395 185 304
907 130 1278 175 FRAGMENTA

293 274 362 340 τῷ
387 266 647 341 φιλοσόφῳ
673 269 756 319 καὶ
781 289 879 333 παρ
884 262 1166 351 Ἐὐριπίδῃ
1193 269 1275 342 παὶ
1303 269 1355 320 ε’ν
1379 275 1484 329 ταῖς
1508 290 1606 320 των
1633 269 1879 321 Aunedon-

293 343 477 405 μονίων
499 342 775 400 πολιτείαις.
826 339 907 390 καὶ
945 339 996 388 ἐν
1024 321 1169 404 Θάσῳ
1195 333 1320 404 ἆρχή
1354 360 1426 399 τις
1452 339 1713 403 κρύπτεται
1746 345 1879 404 (κρυ-

293 417 454 460 πτεῖαι
480 415 771 473 Fritzschius‚
796 411 1096 473 κρυπτευταί
1119 414 1310 472 Bernh..)
1352 415 1575 475 Euripidis
1601 418 1768 462 mentio
1795 418 1881 462 iam

292 485 514 531 Dindorfio
558 491 764 545 suspecta
813 487 922 541 suit3
970 485 1161 530 sortasse
1195 484 1431 542 legendum
1481 480 1562 528 καὶ
1597 475 1716 542 παρ’
1750 474 1880 543 Ἀρι-

294 551 497 600 στοτέλει
524 549 577 599 ἐν
603 555 706 610 ταῖς
732 551 830 599 τῶν
856 556 987 600 Λακ.
1015 568 1085 612 π.,
1113 554 1167 599 cs
1196 554 1370 600 Mulleri
1397 554 1507 613 Frag
1487 568 1569 602 s¹111.
1597 555 1709 600 Hist.
1739 556 1820 601 vol.
1851 554 1879 601 2

294 641 337 686 p.
372 625 486 672 129.
1012 687 1147 739 1112

462 769 755 838 περιδῦσαι

397 862 551 907 Pollux
579 863 634 918 7.
660 861 751 907 44:
779 849 1021 906 ἀποδῦσαι
1046 854 1486 921 καὶᾶπολωπίσαι,
1515 855 1578 916 ὡς
1606 861 1881 922 Σοφοκλῆς,

293 926 376 976 καὶ
402 929 746 990 περιλωπίσαι
780 925 899 991 ὅπερ
929 919 1186 990 Τπερίὸης
1223 924 1514 993 (Εὐριπίδης
1541 929 1596 992 C)
1624 928 1881 994 περιδῦσαι

293 997 509 1063 εἴρηκεν.

1010 1066 1143 1117 1113

398 1157 524 1200 Pliot.
551 1155 649 1200 Lex.
677 1169 721 1214 p.
749 1153 849 1199 421
868 1189 882 1213 ‚
911 1153 999 1199 22:
1038 1165 1230 1213 περισο·
1257 1149 1551 1215 περιπέρειν.
1597 1144 1881 1216 Εὐριπίδης.

293 1226 390 1271 vide
428 1239 539 1285 quae
569 1225 621 1270 de
651 1226 735 1270 hoo
760 1224 861 1269 loco
889 1224 1130 1285 disputavit
1154 1225 1298 1270 Naber
1333 1227 1377 1270 in
1412 1225 1539 1271 Phot.
1567 1224 1668 1271 Lex.
1704 1225 1882 1286 Proleg.

294 1310 336 1356 p.
364 1296 443 1342 52.
1008 1360 1143 1410 1114

399 1447 910 1507 Scl1ol.Phleg.T1-all.
955 1448 1108 1493 Mirab.
1152 1449 1259 1495 e.3
1305 1464 1349 1509 p.
1385 1449 1451 1495 48
1488 1450 1664 1495 Franz:
1707 1465 1762 1508 με
1745 1440 1885 1504 εταξὺ

288 1515 575 1595 Σουσιανῆς
609 1512 693 1562 καὶ
726 1515 1037 1577 Βακτριανῆς
1062 1511 1208 1574 τόπος
1234 1515 1331 1562 ἐστι
1359 1518 1731 1579 Καταστίγωνα,
1765 1513 1884 1576 ὅπερ

288 1576 558 1647 Ελληνιστὶ
588 1585 737 1646 νῆσον
765 1583 915 1645 δηλοῖ.
966 1582 1186 1632 ἐνταῦθα
1223 1584 1318 1634 δὲ’
1301 1585 1442 1632 ι’πποι
1471 1580 1698 1664 διάφοροι
1725 1587 1883 1649 γίνον-

295 1672 397 1702 ται·
426 1654 515 1703 εἰσὶ
543 1651 594 1702 δὲ
618 1655 770 1701 πᾶσαι
796 1654 991 1713 ξανθαί.
1034 1648 1059 1702 ὁ
1088 1653 1139 1703 ὁὲ
1164 1648 1436 1717 Εὐριπίδης
1462 1648 1581 1719 πρὸς
1608 1657 1666 1722 τῇ
1693 1653 1884 1722 ἐρυθρᾷ

295 1721 526 1792 θαλασσῃ
559 1717 646 1788 τὴν
684 1727 915 1786 Νησαῖαν
956 1723 1109 1786 φησὶν
1148 1719 1289 1775 εἶναι.
1350 1727 1575 1789 Euripidis
1613 1731 1885 1775 mentionem

297 1800 350 1844 ad
375 1799 568 1859 Dictyem
596 1798 753 1843 referri
781 1800 912 1844 iussit
937 1799 1027 1843 Vn
1006 1813 1083 1858 ger
1104 1798 1239 1844 Theb.
1263 1799 1415 1843 Parad.
1446 1814 1488 1859 p.
1503 1799 1601 1846 376
1630 1799 1732 1846 coll.
1760 1799 1882 1846 Suid.

296 1885 334 1913 v.
378 1865 527 1922 ἵππος
555 1867 786 1925 Νισαῖος,
825 1870 952 1914 cuius
990 1869 1166 1928 glossae
1201 1869 1375 1913 initium
1414 1882 1511 1914 cum
1550 1869 1722 1915 scholio
1750 1869 1884 1916 allato

297 1939 392 1984 fere
429 1939 682 2013 consentit,
726 1947 831 1998 post
866 1929 1094 1999 ὁιαφοροι
1129 1935 1345 1999 γίνονται
1381 1946 1528 1984 autem
1566 1940 1675 1985 haec
1710 1947 1883 1986 extant:

298 2007 347 2052 οι
374 2003 424 2053 δὲ
449 1998 544 2052 απὸ
573 2003 788 2068 ἐρυθρᾶς
813 2001 1083 2068 θαλασσης·
1123 2010 1250 2053 εἰναι
1276 2002 1327 2053 δὲ
1351 1998 1537 2064 ξανθας
1560 2020 1730 2064 πασας.
1781 2000 1807 2054 ὁ
1834 2005 1886 2057 δὲ

291 2066 550 2138 Ηρόδοτος
586 2076 671 2137 τῆς
699 2075 900 2136 Μηδίας
927 2079 1053 2124 εἰναι
1089 2069 1171 2123 τὸν
1196 2072 1344 2124 τόπον
1371 2076 1596 2124 Νίσαιον.
1648 2069 1673 2125 ὁ
1705 2073 1754 2125 δὲ
1779 2077 1883 2125 Πο-

299 2144 455 2206 λέμων
493 2146 657 2202 κακῶς
691 2144 810 2207 φησὶ
847 2138 1023 2194 λευκὸν
1058 2144 1211 2193 ἵππον
1246 2148 1472 2194 Νισαῖοι.
1534 2142 1585 2192 ἐν
1622 2143 1673 2194 δὲ
1708 2145 1884 2196 Δίκτυι

290 2207 498 2278 Ὀρφευς
532 2214 680 2279 λέγει·
723 2209 754 2277 ’ἣ
789 2215 922 2264 Νίσα
965 2212 1110 2274 τόπος
1152 2213 1282 2263 ἐστὶν
1323 2213 1375 2263 ἐν
1412 2213 1601 2282 ἐρυθρᾷ
1641 2212 1882 2284 θαλασσῃ.

298 2289 493 2333 fortasse
521 2288 753 2349 Euripides
788 2289 893 2334 dixit
921 2286 1141 2348 Νησαιάς
1168 2285 1347 2344 ἵππους
1381 2290 1511 2346 (hanc
1547 2288 1661 2334 enim
1688 2289 1881 2348 glossam

298 2358 512 2424 praebent
535 2358 723 2404 Photius
750 2361 850 2404 Lex
888 2374 932 2419 p.
964 2359 1082 2418 299,
1110 2359 1138 2403 2
1177 2368 1221 2405 et
1249 2357 1527 2419 Hesychius),
1563 2359 1754 2404 sortasse
1779 2350 1804 2404 ὁ
1830 2353 1881 2405 δὲ

298 2416 572 2488 Ευριπίὸης
598 2431 741 2474 errori
768 2429 955 2474 debetur
976 2431 1067 2474 sive
1094 2429 1375 2475 librariorum
1404 2431 1492 2474 sive
1519 2430 1730 2475 auctoris.

1036 2563 1170 2616 1115

547 2643 670 2696 θεὸν
698 2647 749 2697 δὲ
769 2653 928 2710 ποῖον,
956 2646 1058 2697 εἰπέ
1080 2666 1178 2711 μοι.
1196 2648 1480 2728 νομιστέον,·

545 2711 630 2766 τὸν
655 2711 816 2769 πάνθ’
846 2713 1036 2783 ὁρῶντα
1061 2711 1241 2767 καύτὸι
1266 2737 1355 2783 ουχ
1379 2714 1638 2782 ὁρώμενον.

401 2818 534 2864 Clem.
574 2820 694 2864 Alex.
731 2819 875 2864 Protr.
916 2835 959 2878 p.
1002 2819 1090 2866 59:
1131 2807 1691 2879 (θεὸν-ὁρώμενον’,
1729 2807 1879 2878 Enipi·

300 2883 444 2948 πέδης
479 2883 618 2951 λέγει.
671 2889 849 2934 eosdem
886 2904 1038 2934 versus
1065 2889 1312 2935 Philemoni
1331 2888 1497 2935 *tribuit
1522 2889 1718 2934 lustinus
1743 2889 1797 2935 M.
1825 2889 1879 2936 de
