2077 3139
831 96 1051 138 ΑΛοΠΠ
1677 85 1743 137 23

905 230 1004 282 104

328 321 512 380 δεινόν
540 346 589 379 τι
617 322 825 377 τέκνων
855 325 1084 391 φίλτρον
1123 323 1328 388 ἔθηκεν

327 407 454 472 θεὸς
486 404 814 475 ἀνθρώποις.

266 503 390 548 Stob.
420 503 537 548 Flor.
567 502 649 560 83,
679 501 721 547 6.

906 562 1004 614 105

328 638 565 712 ἆμολγὸν
596 637 768 695 νύκτα

263 737 475 797 lIesych.:
513 726 727 796 ἅμολγὸν
745 727 923 778 νύκτα·
952 725 1226 794 Εὐριπίδης
1242 721 1508 791 Ἀλκμήνῃ,
1538 713 1748 786 ζοφερὰν

161 800 242 850 καὶ
270 798 536 864 σκοτεινήν.

846 897 1067 937 ΑΛΟΠΗ

265 985 532 1045 Cercyonem
571 992 615 1030 et
642 985 813 1043 Alopen
849 984 1029 1028 eandem
1066 981 1257 1027 sabulum
1286 980 1369 1025 dici
1395 977 1612 1024 intellexit
1640 975 1750 1019 Ilea-

163 1055 296 1098 thius.
325 1062 636 1113 argumentum
659 1054 1006 1112 traditHyginus
1026 1053 1111 1097 fab
1131 1051 1243 1098 187.
1281 1051 1493 1108 Harpoel.
1518 1062 1560 1106 p.
1592 1045 1672 1101 13,
1696 1044 1748 1088 7:

157 1112 339 1182 Ἀλόπη
362 1149 433 1155 -
458 1123 525 1168 Κε
509 1136 735 1181 ερκυονος
761 1115 1015 1181 θυγατηρ,
1045 1117 1093 1177 ἐξ
1119 1113 1174 1178 ἧς
1212 1114 1295 1163 καὶ
1324 1112 1636 1168 Ποσειδῶνος
1656 1107 1749 1156 Ιπ-

161 1186 368 1237 ποθόων
403 1183 427 1235 ὃ
455 1195 549 1269 τῆς,
560 1182 972 1245 Ιπποθοωντίὸος
1008 1190 1166 1248 φυλῆς
1200 1181 1474 1245 ἐπώνυμος,
1505 1201 1567 1239 ως
1587 1174 1749 1226 Ελλά-

162 1256 301 1316 νικός
327 1276 375 1306 τε
397 1256 448 1305 ἐν
473 1255 519 1322 β’
540 1252 766 1315 Ἀτθίδος
791 1257 874 1305 καὶ
898 1252 1220 1320 Εὖριπίδης’
1200 1273 1250 1302 εν
1271 1256 1338 1320 τῷ
1362 1247 1606 1315 ὁμωνύμῳ
1634 1242 1750 1314 ὁρα-

162 1346 291 1390 ματι.
342 1332 534 1376 sonasse
563 1331 696 1375 huius
725 1330 899 1375 fabulae
927 1337 995 1375 est
1022 1330 1077 1374 sr.
1107 1328 1222 1375 509.

331 1521 444 1595 ὁρῶ
471 1526 573 1597 μὲν
603 1522 827 1594 ἀνδρῶν
857 1522 1018 1580 τόνδε
1048 1521 1301 1594 γυμνάδα
1334 1518 1528 1578 στόλον

331 1615 613 1679 στείχοντα
643 1609 861 1680 θεωρὸν
904 1611 960 1662 ἐκ
991 1605 1200 1679 τρόχων
1229 1606 1595 1674 πεπαυμένον.

271 1718 483 1763 Ammon.
514 1720 566 1764 de
594 1719 683 1763 diff.
712 1733 806 1764 xoc.
835 1734 878 1778 p.
910 1718 1029 1764 137;
1070 1710 1267 1776 τρόχους
1294 1710 1345 1760 δὲ
1371 1706 1650 1773 βαρυτόνως
1679 1708 1750 1756 λε’-

161 1800 303 1856 γουσι
329 1802 440 1841 τους
467 1779 676 1848 δρομους
691 1801 700 1810 ·
721 1779 1131 1863 ἆιαγιιώσκομεν
1164 1778 1298 1876 γάρ,
1304 1773 1367 1839 ὡς
1393 1779 1561 1842 φησίν,
1589 1777 1639 1825 έν
1664 1776 1752 1840 μὲν

161 1850 343 1935 Ἀλόπῃ
369 1848 696 1912 Εὐριπίδου
710 1846 808 1913 0ρώ
845 1882 914 1889 —
955 1851 1298 1914 πεπαυμένον
1305 1889 1315 1908 ,
1359 1848 1410 1897 ἐν
1453 1847 1502 1896 ὸὲ
1551 1848 1751 1912 Μηδείᾳ

167 1915 306 1970 ’ἀλλ’
337 1922 438 1971 οῖ’ὁε
465 1923 631 1981 παῖδες
664 1920 715 1970 έν.
743 1919 927 1986 τρόχων
962 1920 1292 1984 πεπαυμένοι’
1324 1920 1448 1983 (Med.
1476 1919 1577 1982 46).
1630 1936 1692 1966 vs.
1721 1919 1750 1964 2

166 1985 408 2055 στείχονθ
442 1991 564 2058 ἑῷον
601 1996 876 2071 Dindorfius,
914 1996 1120 2055 equidem
1158 1993 1418 2053 suspicabar
1450 1981 1648 2067 ανδρων
1689 2015 1750 2022 -

166 2059 340 2110 στόλον
377 2054 620 2123 στείχονθ
653 2055 844 2126 ὁρῶμεν
884 2066 1000 2123 (cum
1039 2080 1073 2109 v.
1103 2079 1188 2110 scr.
1218 2049 1460 2121 στείχονθ’
1491 2054 1674 2121 ἒωρων)
1702 2053 1752 2103 ἐκ

167 2128 351 2194 τρόχων
374 2131 704 2194 πεπαυμένον.

913 2212 1008 2264 107

397 2348 406 2357 .
454 2303 728 2371 γέμουσαν
759 2299 992 2372 κύματος
1022 2297 1335 2370 θεοσπόρου

272 2411 393 2456 Eust.
407 2412 454 2455 ΙΙ.
485 2427 526 2471 p.
547 2411 661 2468 656,
684 2411 771 2457 58:
811 2408 941 2469 κῦμα
967 2400 1018 2455 τὸ
1043 2406 1261 2471 γέννημα
1285 2433 1356 2441 -
1383 2424 1445 2463 ως
1471 2404 1609 2467 δηλοῖ
1633 2397 1751 2463 παρ’

166 2469 466 2542 Εὖριπίδῃ’
444 2494 495 2524 εν
522 2473 764 2535 Κερκυόνι
789 2471 840 2524 τὸ
875 2476 1141 2540 γέμουσαν
1170 2506 1234 2511 -
1260 2474 1563 2532 θεοσπόρου’
1601 2469 1752 2536 φ’]γουν

168 2544 536 2609 ἐγκυμονοῦσαν
571 2544 623 2593 ἐκ
661 2547 985 2604 Ποσειδῶνος.
1037 2550 1140 2595 ibid.
1179 2563 1222 2608 p.
1253 2548 1315 2593 12
1323 2547 1412 2605 M
1448 2548 1539 2592 42:
1602 2542 1675 2592 ὅτι
1703 2540 1753 2590 δὲ

168 2616 301 2676 κῦμα
329 2614 532 2677 δριμέως
560 2613 640 2661 καὶ
669 2608 720 2662 τὸ
747 2634 869 2664 κατα
893 2608 1098 2680 γαστρὸς
1124 2615 1334 2678 ἔμβρυον
1361 2583 1546 2677 λέγεται
1572 2643 1641 2651 ——
1669 2611 1749 2672 δη-

169 2689 249 2731 λοῖ
270 2679 544 2746 Ευριπίὸης
570 2683 621 2732 ἐν
648 2691 716 2749 τῷ
743 2685 1012 2748 γέμουσαν
1049 2714 1117 2721 -
1137 2683 1473 2765 θεοσπόρου’.
1525 2686 1646 2732 Eust.
1674 2686 1753 2730 Od.

170 2772 213 2816 p.
246 2757 394 2814 1640,
423 2757 512 2804 6οι
561 2761 694 2834 κῦμα
721 2754 801 2801 καὶ
828 2749 881 2802 τὸ
909 2773 1084 2817 κυημα,
1117 2747 1180 2812 ὦς
1208 2753 1353 2815 δηλοῖ
1370 2752 1453 2800 καὶ
1482 2746 1754 2811 Εὐριπίδης

170 2820 222 2870 ἐν
248 2820 511 2885 Κερκυόνι,
535 2820 595 2873 οὗ
615 2816 704 2886 τὴι
730 2823 977 2889 θυγατέρα
999 2823 1160 2888 γέμειν
1187 2822 1282 2885 ἔφη
1306 2819 1518 2885 κύματος
1544 2817 1753 2870 θεοσπό·
