2077 3139
746 110 1125 152 MEAANmnH
1652 109 1748 161 137

911 247 1012 299 503

329 333 535 408 γάμους
568 331 612 391 δ’
644 333 762 391 ὅσοι
792 333 1092 391 σπεύδουσι
1124 336 1197 408 μὴ
1227 337 1635 410 πεπρωμένους,

328 420 504 492 μάτην
533 424 825 475 πονοῦσιν·
858 417 891 489 ἡ
925 419 983 474 δὲ
1012 422 1088 502 τρι-Ξ
1118 419 1293 491 χρεων
1323 419 1477 475 πόσει

333 506 572 575 μένουσα
602 499 1019 568 κάσπούδαστος
1049 504 1224 574 ἦλθεν
1255 509 1331 568 εἰς
1362 501 1578 576 δόμους.

267 600 391 648 Stob.
418 599 538 645 Flor.
569 600 651 657 70,
683 601 733 644 1:
763 587 1037 655 Εὐριπίδου
1067 596 1412 660 Μελανίππης.
1449 592 1747 660 εγάμους-

163 662 388 730 δόμους’.
439 684 500 715 vs.
532 670 557 714 1
586 664 698 715 ὅσαι
724 670 955 729 Bergkius.

331 891 448 950 ὅσοι
477 895 712 964 γαμοῦσι
746 891 797 948 δ’
834 889 868 964 ἢ
899 895 1044 963 γένει
1075 898 1364 966 κρείσσους
1393 891 1601 965 γάμους

326 973 360 1047 ἢ
391 975 562 1032 πολλὰ
594 974 836 1048 χρήματ’,
868 975 970 1032 οὐκ
1003 980 1318 1033 ἐπίστανται
1347 991 1566 1049 γαμεῖν·

327 1060 391 1116 τὰ
419 1064 513 1131 τῆς
542 1060 801 1131 γυναικὸς
831 1059 934 1131 γὰρ
965 1059 1244 1131 κρατοῦντ’
1281 1064 1340 1117 ἐν
1371 1060 1582 1133 δώμασι

329 1149 521 1200 δουλοῖ
545 1143 641 1199 τὸν
671 1141 865 1215 ἄνδρα,
898 1140 1104 1200 κούκέτ’
1139 1140 1241 1200 ἔστ’
1275 1142 1577 1215 ἐλεύθερος.

328 1233 559 1292 πλοῦτος
592 1226 635 1282 δ’
674 1226 900 1292 ἐπακτὸς
933 1230 989 1282 ἐκ
1019 1233 1353 1298 γυναικείων
1384 1226 1573 1299 γάμων
1635 1244 1661 1283 5

328 1308 619 1382 ἀνόνητος·
653 1315 715 1366 αἱ
739 1309 842 1384 γάρ
876 1309 1153 1377 διαλύσεις
1184 1310 1248 1367 οὐ
1280 1310 1481 1385 ῥᾴδιαι.

264 1407 388 1453 Stob.
422 1407 540 1453 Flor.
579 1408 670 1466 70,
705 1407 766 1452 4:-
808 1405 896 1452 τοῦ
939 1395 1095 1452 αὐτοῦ
1140 1405 1462 1466 Μελανίππη.
1525 1399 1654 1452 (ὅσοι
1684 1433 1745 1442 --

160 1470 377 1541 ῥᾴδιαι’.

903 1556 1007 1609 505

332 1652 570 1718 μετρίων
601 1646 859 1716 λέκτρων,
890 1650 1127 1718 μετρίων
1159 1647 1219 1702 δὲ
1248 1644 1437 1718 γάμων

326 1727 459 1801 μετὰ
491 1727 852 1801 σωφροσύνης

332 1815 528 1883 κῦρσαι
557 1823 848 1885 θνητοῖσιν
878 1810 1117 1886 ἄριστον.

264 1909 389 1955 Stoh.
418 1909 538 1954 Flor.
569 1910 660 1968 72,
691 1910 777 1957 13:
816 1908 902 1954 τοῦ
936 1901 1088 1955 αὐτοῦ
1115 1908 1460 1972 Μελανίππης.
1514 1890 1746 1975 εμετρίων

161 2004 225 2011 -
253 1970 491 2041 ἅριστον’.
541 1994 603 2025 vs.
635 1981 661 2025 1
691 1974 765 2042 δὲ]
791 1994 844 2040 γε
870 1981 926 2038 Μ,
952 1994 1001 2024 τε
1028 1980 1297 2041 scripserim.

906 2115 1008 2167 506

327 2195 368 2258 ὦ
398 2203 608 2274 τέκνον,
640 2201 1022 2272 ἀνθρώποισιν
1054 2210 1198 2260 ἔστιν
1228 2201 1309 2269 οἷς
1339 2211 1458 2276 βίος

325 2284 353 2342 ὁ
382 2285 569 2358 μικρὸς
602 2284 798 2358 εὕκρας
831 2284 1058 2359 ἐγένεθ’,
1090 2285 1171 2353 οἷς
1204 2285 1255 2343 δ’
1288 2286 1446 2359 ὄγκος
1477 2288 1658 2346 κακόν.

206 2443 218 2458 ,
260 2382 383 2474 ,Stolx
411 2383 529 2428 Flor.
569 2383 658 2443 94,
696 2385 748 2429 1:
786 2373 1060 2444 Εὐριπίδου
1095 2382 1413 2443 Μελανίππη.
1468 2378 1541 2433 (ὦ
1565 2414 1621 2420 -
1658 2403 1744 2431 κα-

157 2467 249 2497 κον
283 2487 295 2498 .

903 2519 1003 2571 507

324 2605 390 2663 τὰ
417 2606 755 2681 τυγχάνοντα
789 2604 843 2664 δ’
874 2605 1021 2674 ὅστις
1053 2600 1121 2665 εὖ
1149 2613 1304 2682 φέρει
1333 2615 1565 2683 βροτῶν,

328 2691 502 2763 σοφὸν
531 2698 728 2763 νομίζω
761 2705 1074 2763 σωφρονεῖν
1103 2691 1151 2749 τ’
1189 2696 1305 2765 ἐμοὶ
1339 2699 1502 2750 δοκεῖ.

262 2786 387 2834 Stob.
412 2788 531 2834 Flor.
561 2789 688 2847 108,
725 2788 814 2834 24ε
851 2778 1127 2848 Εὐριπίδου
1161 2788 1508 2849 Μελανίππης.
1563 2781 1648 2836 ετά
1674 2816 1743 2823 --

161 2850 338 2902 δοκεῖ’.
398 2859 576 2904 eosdem
614 2872 768 2904 versus
813 2859 941 2904 affert
984 2859 1100 2906 Plut.
1137 2860 1247 2906 Mor.
1290 2876 1335 2921 p.
1378 2862 1475 2908 116
1502 2861 1547 2906 F.
1613 2877 1673 2907 vs.
1713 2862 1737 2906 1
