2077 3139
351 119 450 172 172
987 117 1314 161 ΠΟΑΤΙΑΟΣ

349 263 497 311 fabula
518 264 726 324 plerique
754 270 893 308 testes
921 261 1078 319 silent3
1107 277 1130 308 e
1152 262 1312 307 Phrixo
1340 261 1490 307 locum
1512 276 1611 308 esse
1636 265 1828 323 petitum
1855 270 1947 309 tra

348 336 459 381 dunt
485 333 631 380 Sohol.
660 336 734 378 Ar.
770 334 878 379 Ran.
907 331 1066 379 1082:
1116 322 1249 388 παρα
1283 321 1341 376 τὰ
1376 326 1429 376 ἐκ
1458 329 1643 392 Φρίξου
1668 324 1948 390 Εκυριπίδου

351 402 450 460 τίς
488 395 530 448 δ’
573 428 636 436 -
673 398 725 449 δὲ
758 399 894 461 ζῆν’.
940 389 1047 446 ἀλλ’
1085 393 1110 446 ὁ
1148 397 1299 479 λέγων
1334 396 1429 446 έστὶ
1471 400 1681 481 Φρίξος,
1720 392 1861 459 οὗτος
1895 399 1947 449 δὲ

350 473 705 534 (Aristophanes)
748 466 812 528 (ὃς
845 487 980 528 παρα
1013 462 1252 532 γυναικὸς
1286 467 1541 532 εἰρημένον
1567 462 1685 517 αὐτὸ
1712 468 1851 533 λέγει.
1902 481 1948 520 et

350 534 889 591 Schol.P1at.1.1.:v&
925 539 1122 603 ἰαμβεῖα
1157 536 1210 586 ἐκ
1244 541 1332 587 τοῦ
1362 539 1547 601 Φρίξου
1580 541 1666 587 τοῦ
1701 535 1947 601 δράματος

349 605 669 674 Εὐριπίδουε
683 610 1117 688 τίς-νομίζεται’
1126 646 1136 657 .
1172 613 1280 658 item
1307 612 1451 658 Schol
1474 613 1849 690 Ar.Ran.1478
1873 611 1945 676 (ef.

350 685 473 731 Suid.
505 701 546 731 v.
573 681 646 739 τίς
682 676 725 727 δ’
757 675 930 742 οἶδεν);
991 672 1042 727 τὸ
1077 683 1219 727 πνεῖν
1256 677 1307 728 δὲ
1342 679 1582 745 δειπνεῖν]
1628 671 1761 743 παρὰ
1800 675 1858 728 τὰ
1895 677 1948 728 έκ

352 751 560 833 Φρίξου
579 743 872 811 Εὐριπίδου.
923 754 1019 799 vide
1056 753 1110 798 fr.
1140 753 1254 800 830.
1307 761 1463 798 contra
1503 753 1651 799 Schol
1682 754 1784 798 Eur.
1816 754 1945 814 Hipp.

352 826 476 873 192.
528 841 590 879 ως
615 819 698 868 καὶ
725 814 871 878 αὐτὸς
897 817 950 867 έν
976 818 1251 888 Πολυίδῳ
1266 821 1336 877 τίς
1373 814 1419 869 δ’
1448 849 1519 857 --
1545 819 1596 869 δὲ
1622 821 1754 882 ζην’.
1794 824 1947 870 Schol.

350 899 426 941 Ar.
455 897 560 941 Ran.
592 894 749 942 1478:
790 889 836 950 ἐξ
864 883 1156 939 Ιππολύτου
1178 872 1481 954 Ἑῦριπίδου,
1510 894 1586 939 ubi
1613 889 1666 938 ἐκ
1695 890 1948 939 Πολυΐδου

348 973 472 1011 recte
496 967 810 1013 restituerunt.
873 980 936 1010 vs.
968 964 996 1009 2
1025 955 1157 1009 κάτω
1182 959 1450 1026 νομίζεται]
1487 961 1729 1023 νομίζεται
1753 961 1949 1024 βροτοῖς

347 1024 806 1094 Diog.L.,13n:v013v
841 1029 891 1080 δὲ
917 1022 969 1079 τὸ
997 1035 1269 1079 κατθανεῖν
1307 1034 1520 1081 Scholion
1555 1049 1711 1080 reeens
1739 1037 1812 1080 Ar.
1839 1035 1946 1081 Ran.

353 1106 499 1153 1478.

1102 1169 1207 1222 640

516 1258 692 1333 μάτην
723 1258 826 1332 γαρ
858 1268 991 1336 οἴκῳ
1025 1258 1123 1315 σὸν
1153 1256 1265 1315 τόδ’
1301 1261 1493 1332 ἐκβαίη
1523 1261 1676 1326 τέλος

455 1358 602 1404 Schol.
631 1359 677 1402 ll.
705 1358 765 1416 K,
791 1358 882 1405 56:
931 1355 1062 1412 τέλος
1086 1383 1157 1390 —
1181 1351 1233 1403 τὸ
1263 1349 1554 1416 δαπάνημα,
1583 1347 1647 1412 ὧς
1676 1346 1948 1417 Εὐριπίδης

348 1422 402 1474 ἐν
447 1424 700 1491 Πολυείδῳ
737 1420 927 1487 ςμοὲτην
963 1454 1026 1460 -
1063 1423 1242 1482 τέλος’.
1306 1428 1482 1473 fabulae
1526 1442 1688 1473 nomen
1735 1430 1948 1474 omittunt

348 1500 474 1545 Eust.
503 1499 551 1544 ll.
588 1514 629 1558 p.
661 1498 788 1556 789,
821 1498 883 1543 14
929 1498 1143 1543 Scholion
1179 1511 1334 1544 recens
1369 1502 1444 1544 Ar.
1484 1498 1588 1542 Ran.
1625 1498 1724 1544 368
1764 1499 1946 1543 Philem.

346 1570 453 1617 Lex.
480 1584 525 1630 p.
552 1569 663 1615 161.
701 1564 824 1632 οἴκῳ
851 1558 960 1630 σὸν]
990 1564 1113 1632 οἴκῳ
1141 1566 1210 1632 σῷ
1231 1568 1402 1627 Valok.,
1431 1564 1585 1613 οἴκων
1612 1565 1712 1613 σῶν
1739 1568 1946 1615 CobemS.

642 1826 652 1836 .
701 1775 1019 1851 ἀνθρώπων
1052 1779 1111 1835 δὲ
1142 1784 1433 1849 μαίνονται
1463 1780 1679 1851 φρένες,

519 1861 766 1930 δαπάνας
796 1862 930 1921 ὅταν
959 1867 1200 1920 θανοῦσι
1230 1863 1518 1935 πέμπωσιν
1550 1865 1724 1929 κενάς.

455 1961 584 2008 Stob.
616 1962 734 2008 Flor.
767 1962 883 2021 123,
914 1963 957 2007 1.

1101 2040 1204 2093 642

516 2137 790 2199 πλουτεῖς,
820 2129 886 2186 τοὶ
920 2126 966 2186 δ’
999 2128 1137 2186 ἄλλα
1167 2128 1239 2201 μὴ
1274 2128 1422 2186 δόκει
1453 2131 1724 2197 ξυνιέναι·

520 2217 580 2270 ἐν
609 2220 683 2288 τῷ
713 2214 815 2287 γὰρ
846 2213 994 2289 ὄλβῳ
1025 2213 1301 2286 φαυλότης
1335 2220 1516 2271 ἔνεστί
1541 2239 1637 2286 τις,

518 2304 680 2354 πενία
713 2299 774 2355 δὲ
805 2305 1008 2371 σοφίαν
1041 2306 1197 2371 ἔλαχε
1230 2298 1320 2354 διὰ
1352 2298 1411 2354 τὸ
1443 2301 1723 2370 συγγενές.

453 2395 577 2441 Stob.
613 2396 734 2440 Flor.
764 2396 854 2455 95,
892 2398 935 2443 7.
989 2412 1050 2442 vs.
1081 2397 1109 2442 3
1146 2397 1275 2442 affert
1305 2397 1506 2442 Clemens
1544 2396 1664 2442 Alex.
1704 2395 1867 2441 Strom.
1895 2393 1949 2440 IV

348 2481 392 2527 p.
421 2465 545 2512 574:
587 2462 780 2524 ει’ρηταί
809 2481 863 2527 γε
898 2482 927 2526 η
962 2464 1104 2511 πενία
1143 2463 1325 2550 σοφίαν
1362 2461 1474 2543 λα’χε
1511 2456 1593 2512 διὰ
1626 2455 1679 2511 τὸ
1705 2461 1932 2526 συγγενές

350 2538 620 2582 Themistius
649 2536 881 2581 Orat.X111
910 2552 952 2597 p.
977 2537 1075 2584 164
1096 2539 1148 2582 B:
1188 2532 1379 2595 ἤκουον
1405 2552 1498 2598 γαρ
1525 2551 1659 2596 παρα
1683 2533 1782 2580 τῶν
1808 2550 1948 2594 ποιη-

349 2602 447 2651 τῶν
472 2600 548 2652 ὅτι
574 2603 718 2664 πενίη
745 2604 926 2665 σοφίαν
954 2603 1107 2666 ἔλαχε.
1157 2608 1376 2653 Zenobius
1405 2608 1453 2665 5,
1485 2607 1572 2653 72:
1623 2603 1767 2650 πενία
1793 2601 1843 2651 δὲ
1868 2616 1947 2650 σο-

349 2673 469 2735 φίαν
496 2671 656 2736 ε’λαχε·
683 2675 997 2736 κομματικῶς
1023 2691 1165 2722 τουτο
1193 2672 1245 2721 ἐκ
1271 2692 1369 2722 των
1383 2668 1660 2736 Ευριπιδου
1680 2672 1946 2734 εἵλκυσται,

349 2738 568 2802 παρόσον
604 2743 655 2790 οί
687 2741 890 2806 πένητες
925 2738 1105 2802 πολλὰς
1147 2744 1316 2808 τέχνας
1361 2742 1749 2805 ἐπιτηδεύουσιν.
1814 2747 1944 2804 Greg.

349 2816 479 2876 Cypr.
510 2817 558 2874 3,
588 2816 679 2863 53:
720 2813 862 2875 πενίη
888 2814 1067 2876 σοφίην
1096 2813 1246 2878 ἔλαχε.
1284 2817 1337 2863 cf.
1368 2818 1626 2877 Diogenian.
1657 2816 1781 2861 vind.
1811 2817 1858 2873 3,
1880 2816 1944 2862 59

349 2885 480 2946 Greg.
510 2886 639 2947 Cypr.
667 2887 787 2932 Leid.
820 2887 867 2945 2,
898 2888 998 2934 100
1025 2889 1146 2933 Suid.
1186 2905 1222 2933 v.
1250 2884 1407 2933 πενία.
1459 2887 1721 2934 Theodorus
1753 2886 1945 2932 Prodro-
