2077 3139
328 131 426 183 158
931 129 1324 172 ΠΑΛΑΜΗΔΗΣ

493 273 681 347 κόραν,
713 269 771 340 ὃς
802 271 893 330 ἄν’
914 271 1070 330 Ἵδαν

490 361 744 431 τέρπεται
773 357 877 415 σὺν
907 360 1069 430 ματρὶ
1099 364 1235 430 φίλα

491 465 795 515 τυμπανων
826 440 1031 514 ἰάκχοις

427 541 572 588 Strab.
603 541 639 586 X
663 555 707 601 p.
734 539 860 586 470:
888 554 978 596 την
1004 535 1271 584 κοινωνίαν
1295 537 1394 583 τῶν
1419 534 1531 600 περὶ
1559 529 1644 585 τὸν
1668 534 1917 587 Διόνυσον

319 600 715 672 ἀποδειχθέντων
749 606 970 669 νομίιιων
1004 600 1137 671 παρὰ
1172 610 1271 664 τοῖς
1293 601 1500 670 Έλλησι
1533 626 1616 654 και
1651 610 1750 656 τῶν
1785 628 1919 672 παρα

319 683 421 737 τοῖς
460 675 618 738 Φρυξὶ
651 675 763 740 περὶ
798 672 889 738 τὴν
923 676 1108 741 μητέρα
1143 677 1241 725 τῶν
1276 678 1410 725 θεῶν
1444 679 1735 727 συνοικειῶν
1767 673 1915 741 ἀλλή-

319 752 435 808 λοις.
483 742 758 811 Εὐριπίδης
794 764 842 794 τε
879 744 931 795 ἕν
966 751 1070 804 ταῖς
1108 743 1326 828 Βάκχαις
1351 767 1410 795 τα
1446 742 1763 809 παραπλήσια
1786 754 1923 798 ποιεῖ

317 848 389 856 -
412 817 496 867 καὶ
521 816 571 866 ἐν
601 813 888 879 Παλαμήδει
915 816 1070 879 φησὶν
1097 809 1121 864 ὁ
1149 812 1289 879 χορός
1317 811 1404 865 εοὗ
1433 847 1495 854 -
1525 814 1760 881 ιὀἷκχοις’.
1801 838 1864 870 vs.
1883 823 1913 870 3

318 885 587 952 τυμπάνων
624 880 701 935 ἐπ’
732 883 919 952 ιὀἱκχοις
954 892 1043 937 Did.
1077 891 1393 937 Volkmannus.
1444 885 1631 951 ἰάκχοις
1668 907 1719 938 ex
1756 888 1915 952 ἰαχαῖς

318 972 468 1010 ortum
495 963 715 1023 suspicor.

1067 1054 1172 1107 590

605 1193 614 1202 .
665 1143 856 1217 κώπην
886 1141 1258 1218 χρυσόκολλον

419 1243 576 1289 Pollux
605 1244 686 1301 10,
717 1243 837 1290 145:
858 1232 1132 1303 Εὐριπίδης
1158 1236 1245 1300 μὲν
1272 1235 1323 1284 ἕν
1354 1233 1646 1302 Παλαμήδει
1671 1237 1795 1304 λέγει
1821 1235 1911 1289 κώ-

313 1327 413 1375 πην
439 1305 785 1376 χρυσόκολλον,
815 1307 1111 1373 Μένανδρος
1139 1307 1189 1357 δὲ
1215 1307 1313 1358 κτὲ.

482 1536 693 1596 ἐκάνετ’
731 1536 950 1595 ἐκάνετε
980 1536 1079 1594 τὰν

479 1622 788 1695 πάνσοφον,
821 1624 862 1679 ὠ
894 1628 1128 1693 Δαναοί,

478 1705 581 1764 τιέν
611 1703 799 1763 οὐδέν’
834 1704 1191 1778 ἀλγύνουσαν
1223 1702 1434 1779 ἀηδόνα
1466 1709 1720 1764 Μουσᾶν.

414 1820 628 1866 philostr.
660 1819 836 1865 Heroie.
864 1834 905 1879 p
937 1807 1286 1877 313,13;ὡς
1313 1811 1594 1874 σοφώτερόν
1631 1834 1680 1863 τε
1712 1814 1795 1864 καὶ
1819 1808 1906 1864 ἆν-

309 1882 632 1950 δρειότερον
609 1886 786 1934 εαυτοῦ
811 1880 896 1934 τὸν
923 1880 1281 1947 Παλαιιηδην
1259 1903 1284 1933 ο
1315 1879 1570 1943 Οδυσσευς
1604 1878 1904 1948 ἀπέκτεινεν,

309 1957 494 2015 ἱκανῶς
529 1955 582 2004 ἐκ
617 1952 793 2004 τούτου
831 1949 1047 2003 διδάσκει
1083 1952 1108 2005 ὁ
1138 1957 1505 2036 Πρωτεσίλεως,
1545 1949 1669 2004 ὅθεν
1702 1957 1786 2005 καὶ
1819 1949 1906 2005 τὸν

308 2029 499 2090 θρῆνοι
533 2022 617 2076 τὸν
651 2017 771 2085 παρ’
810 2020 1057 2104 Εὐριπίδῃ
1100 2023 1311 2087 ἐπαινεῖ,
1359 2019 1504 2074 ὁπότε
1539 2022 1813 2090 Ευριπίδης
1854 2025 1905 2074 ἐν

307 2091 639 2160 Παλαμήδους
673 2096 925 2160 μέλεσινε
941 2092 1161 2144 ἕκανετε,
1207 2096 1359 2159 φησίν
1404 2094 1626 2144 εἐκάνετε
1659 2126 1731 2135 —-
1756 2101 1901 2146 Mov-

305 2170 441 2216 σᾶν’.
494 2171 673 2216 eosdem
702 2186 856 2216 versus
884 2170 1048 2215 habent
1075 2172 1199 2230 Diog.
1227 2171 1274 2219 L
1305 2169 1362 2227 2,
1397 2169 1464 2215 44
1505 2171 1650 2215 Tzetz.
1679 2171 1813 2230 Exeg.
1852 2171 1900 2216 ΙΙ.

303 2241 447 2300 p.44‚
477 2241 540 2286 14
567 2249 612 2287 et
637 2243 681 2285 in
705 2241 930 2301 Lycophr.
952 2240 1068 2286 384.
1097 2243 1282 2300 respicit
1309 2248 1466 2285 auctor
1492 2242 1746 2301 argumenti
1765 2241 1899 2288 Isocr.

303 2311 474 2370 Busir.‚
510 2312 638 2357 cuius
664 2312 812 2356 locum
841 2311 1072 2356 attulimus
1101 2326 1234 2371 supra
1262 2326 1304 2371 p.
1337 2310 1419 2357 81.

1053 2446 1156 2498 592

407 2550 621 2610 Harpocr.
654 2566 693 2609 p.
725 2551 806 2607 61,
835 2550 889 2595 5.
920 2545 989 2593 διε
996 2542 1241 2594 κωδωνισε
1259 2543 1584 2608 Λημοσθένης
1610 2541 1662 2593 ἐν
1687 2545 1756 2611 τῷ
1782 2542 1898 2605 περὶ

303 2617 390 2679 τῆς
416 2617 676 2696 πρεσβειῖξα,
700 2617 747 2680 (§
780 2617 893 2693 167)
923 2610 1032 2663 αντὶ
1059 2618 1146 2665 τοῦ
1172 2615 1441 2676 διεπείρασε
1465 2614 1548 2663 καὶ
1576 2595 1816 2676 ἐξήτασεν.
1865 2633 1895 2677 η

302 2684 355 2735 δὲ
379 2681 629 2749 μεταφορὰ
655 2681 761 2747 ἤτοι
787 2678 884 2734 ἇπο
912 2683 1311 2745 περιπολουντων
1347 2701 1438 2734 συν
1464 2682 1655 2733 κώδωσι
1692 2703 1776 2747 της
1811 2701 1895 2733 νυ-

302 2753 432 2816 κτός,
458 2750 734 2837 Ευριπίδης
762 2751 1067 2819 Παλαμηδει,
1094 2775 1123 2818 η
1152 2749 1247 2804 ἀπὸ
1272 2756 1372 2804 τῶν
1399 2752 1759 2817 δοκιμαζόντων
1784 2750 1898 2814 τοὺς

302 2827 537 2889 μαχίμους
570 2820 778 2891 ὄρτυγας
815 2828 882 2893 τῷ
918 2845 1018 2894 ηχῳ
1054 2827 1140 2874 τοῦ
1175 2823 1428 2888 κωδωνος,
1474 2821 1538 2882 ὧς
1569 2819 1894 2903 Ἀρίσταρχος.

302 2898 450 2946 Schol.
478 2903 551 2946 Ar
576 2905 652 2945 Av.
684 2899 809 2947 842:
847 2896 1244 2964 κωδωνοφορῶν]
1273 2896 1326 2944 οἵ
1343 2895 1593 2960 περίπολοι
1620 2895 1673 2943 οἱ
1692 2913 1775 2953 τας
1800 2913 1894 2958 φυ·
