2077 3139
255 129 354 182 105
994 129 1103 172 mse

252 267 483 335 λεγούσης
516 263 785 333 ἀκούομεν,
821 261 896 331 ἐφ’
924 263 1001 328 οἷς
1027 268 1196 332 ἔδρασε
1222 267 1634 333 μεταμελομένης,
1676 271 1849 333 εφίλαι

249 369 322 379 —
343 341 538 405 μηδέν’.
587 344 790 404 Euripidi
815 344 964 390 locum
991 344 1228 389 vindicavit
1255 343 1585 390 Valckenarius.

1004 478 1111 531 404

421 560 464 625 ὦ
493 566 674 640 θνητὰ
705 565 994 640 πράγματ’,
1028 558 1071 623 ὦ
1099 582 1408 639 γυναι-κεῑαι
1438 568 1661 640 φρένες·

419 650 552 710 ὅσον
582 651 794 724 νόσημα
825 652 925 724 τὴν
955 651 1177 722 Κύπριν
1207 650 1532 724 κεκτήμεθα.

358 750 631 796 st.01›.F101-.
662 750 753 808 73,
793 750 881 796 25:
919 747 1006 794 tofi
1041 737 1195 794 αὐτοῦ
1231 749 1476 810 (praeeedit
1502 749 1558 796 rr.
1587 745 1729 810 405).
1782 730 1852 795 *ὦ

253 813 417 881 θνητὰ
441 846 510 854 --
535 813 860 880 κεκτήμεθα’.

421 1007 548 1075 φεῦ,

421 1085 532 1162 ὅσῳ
563 1084 622 1143 τὸ
652 1093 803 1158 θῆλυ
837 1087 1271 1158 δυστυχέστερον
1301 1089 1460 1156 γένος

421 1173 672 1243 πέφυκεν
702 1170 950 1243 ἀνδρῶν’
985 1177 1046 1226 ἔν
1076 1194 1134 1227 τε
1165 1184 1305 1227 τοῖσι
1335 1170 1439 1241 γὰρ
1471 1178 1656 1237 καλοῖς

422 1258 607 1331 πολλῷ
636 1258 911 1312 λέλειπται
941 1252 1073 1310 κάπὶ
1104 1267 1216 1319 τοῖς
1247 1259 1490 1327 αἰσχροῖς
1521 1257 1701 1312 πλέον.

360 1353 485 1399 Stoh.
521 1353 641 1399 Flor.
680 1354 771 1411 73,
810 1353 899 1398 24:
936 1341 1215 1411 Εὐριπίδου
1245 1342 1398 1407 Ἰνοῦς
1434 1347 1607 1412 (Οἰνεῖ
1636 1354 1850 1398 Arsenius

257 1437 301 1484 p.
332 1424 448 1482 710,
477 1419 582 1484 21).
635 1421 762 1481 εφεῦ
791 1449 853 1456 —
881 1419 1074 1469 πλέον’.

1007 1558 1112 1610 406

423 1648 578 1720 νόμοι
607 1653 888 1719 γυναικῶν
919 1643 984 1704 οὐ
1016 1651 1192 1713 καλῶς
1225 1660 1429 1704 κεῖνται
1459 1648 1597 1717 πέρι.

423 1736 561 1806 χρῆν
591 1731 694 1803 γὰρ
726 1729 822 1788 τὸν
855 1728 1178 1805 εὐτυχοῦνθ’
1214 1728 1361 1796 ὅπως
1392 1737 1648 1798 πλείστας
1680 1735 1824 1803 ἔχειν

426 1830 711 1887 γυναῖκας,
746 1825 899 1886 εἰπερ
931 1815 1107 1887 τροφή
1143 1814 1327 1887 δόμοις
1358 1820 1567 1887 παρῆν·

425 1899 497 1966 ὡς
527 1900 629 1971 τὴν
660 1900 836 1972 κακὴν
865 1900 966 1972 μὲν
999 1902 1250 1971 ἐξέβαλλε
1284 1898 1572 1971 δωμάτων,

423 1983 526 2054 τὴν
558 1982 603 2040 δ’
640 1975 814 2040 οὖσαν
846 1983 1053 2056 ἐσθλὴν
1083 1983 1257 2055 ἡδέως
1290 1981 1526 2058 ἐσῴζετο.
1825 1999 1852 2040 5

423 2071 532 2124 νῦν
561 2066 610 2124 δ’
644 2073 720 2134 εἰς
749 2074 883 2140 μίαν
913 2070 1196 2138 βλέπουσι,
1233 2072 1498 2124 κίνδυνον
1528 2068 1700 2139 μέγαν

426 2155 736 2224 ῥίπτοντες·
772 2150 837 2208 οὐ
869 2151 971 2225 γὰρ
1003 2154 1113 2208 τῶν
1142 2150 1360 2224 τρόπων
1391 2150 1721 2224 πειρώμενοι

423 2234 643 2308 νύμφας
676 2239 727 2302 ἐς
758 2245 943 2301 οἴκους
975 2238 1347 2308 ἑρματίζονται
1377 2241 1576 2307 βροτοί.

363 2333 487 2379 Stob.
515 2334 634 2380 Flor.
663 2334 755 2390 68,
785 2333 863 2379 12.
916 2348 979 2379 vs.
1011 2334 1039 2380 3
1067 2329 1205 2391 εἴπερ
1241 2327 1293 2378 ἐν
1320 2326 1486 2393 δόμοις
1521 2321 1680 2395 τροφὴ
1705 2333 1851 2394 Pssug·

258 2403 374 2463 kius,
402 2418 456 2449 an
484 2399 620 2463 εἴπερ
649 2396 870 2464 δώμασιν
896 2397 1052 2464 τροφὴ
1079 2404 1198 2464 Ῑος.ἲ

1005 2539 1105 2591 407

425 2633 506 2694 τίς
537 2621 643 2701 ἆρα
674 2626 848 2700 μήτηρ
881 2625 914 2700 ἢ
946 2628 1121 2700 πατὴρ
1154 2629 1323 2686 κακὸν
1351 2631 1490 2702 μέγα

428 2719 643 2783 βροτοῖς
676 2718 847 2784 ἔφυσε
877 2712 972 2769 τὸν
1005 2712 1337 2786 δυσώνυμον
1366 2711 1612 2784 φθόνους

428 2799 535 2852 ποῦ
566 2802 662 2852 καί
687 2793 799 2852 ποτ’
833 2802 974 2853 οἰκεῖ
1003 2795 1247 2869 σώματος
1277 2794 1459 2869 λαχών
1487 2797 1676 2868 μέρος;

432 2881 490 2935 ἐν
520 2882 709 2952 χερσὶν
739 2876 772 2952 ἢ
803 2879 1198 2953 σπλάγχνοισιν
1227 2876 1261 2952 ἢ
1292 2876 1414 2951 παρ’
1447 2876 1660 2952 ὄμματα
