<?xml version="1.0" encoding="UTF-8"?>
<!DOCTYPE html PUBLIC "-//W3C//DTD XHTML 1.0 Transitional//EN"
    "http://www.w3.org/TR/xhtml1/DTD/xhtml1-transitional.dtd">
<html xmlns="http://www.w3.org/1999/xhtml" xml:lang="en" lang="en">
 <head>
  <title>
</title>
<meta http-equiv="Content-Type" content="text/html;charset=utf-8" />
  <meta name='ocr-system' content='tesseract 3.04.00' />
  <meta name='ocr-capabilities' content='ocr_page ocr_carea ocr_par ocr_line ocrx_word'/>
</head>
<body>
  <div class='ocr_page' id='page_1' title='image "./euripidistragoe03euriuoft_0230.png"; bbox 0 0 2077 3139; ppageno 0'>
   <div class='ocr_carea' id='block_1_1' title="bbox 305 127 1278 180">
    <p class='ocr_par' dir='ltr' id='par_1_1' title="bbox 305 127 1278 180">
     <span class='ocr_line' id='line_1_1' title="bbox 305 127 1278 180; baseline -0.003 0"><span class='ocrx_word' id='word_1_1' title='bbox 305 127 405 180; x_wconf 81' lang='lat'><em>198</em></span> <span class='ocrx_word' id='word_1_2' title='bbox 933 133 1278 177; x_wconf 74' lang='grc' dir='ltr'><strong>ΤΗΜΕΝῙΔΑῙ</strong></span> 
     </span>
    </p>
   </div>
   <div class='ocr_carea' id='block_1_2' title="bbox 410 270 1871 523">
    <p class='ocr_par' dir='ltr' id='par_1_2' title="bbox 410 270 1871 523">
     <span class='ocr_line' id='line_1_2' title="bbox 474 270 1667 350; baseline 0.007 -21"><span class='ocrx_word' id='word_1_3' title='bbox 474 277 535 346; x_wconf 74' lang='grc' dir='ltr'><em>ζῇ</em></span> <span class='ocrx_word' id='word_1_4' title='bbox 567 270 619 331; x_wconf 80' lang='grc' dir='ltr'><em>δ’</em></span> <span class='ocrx_word' id='word_1_5' title='bbox 653 272 833 331; x_wconf 78' lang='grc' dir='ltr'><em>οὐκέτ’</em></span> <span class='ocrx_word' id='word_1_6' title='bbox 862 275 1018 343; x_wconf 79' lang='grc' dir='ltr'><em>ὄντος</em></span> <span class='ocrx_word' id='word_1_7' title='bbox 1050 276 1296 350; x_wconf 71' lang='grc' dir='ltr'><em>σώματος</em></span> <span class='ocrx_word' id='word_1_8' title='bbox 1316 295 1327 305; x_wconf 88' lang='grc'><em>·</em></span> <span class='ocrx_word' id='word_1_9' title='bbox 1359 294 1574 337; x_wconf 83' lang='grc' dir='ltr'><em>κακοῖσι</em></span> <span class='ocrx_word' id='word_1_10' title='bbox 1605 282 1667 338; x_wconf 76' lang='grc' dir='ltr'><em>δὲ</em></span> 
     </span>
     <span class='ocr_line' id='line_1_3' title="bbox 471 356 1698 437; baseline 0.008 -24"><span class='ocrx_word' id='word_1_11' title='bbox 471 356 685 415; x_wconf 74' lang='grc' dir='ltr'><em>ἅπαντα</em></span> <span class='ocrx_word' id='word_1_12' title='bbox 715 365 934 431; x_wconf 82' lang='grc' dir='ltr'><em>φροῦδα</em></span> <span class='ocrx_word' id='word_1_13' title='bbox 965 361 1315 420; x_wconf 82' lang='grc' dir='ltr'><em>συνθανόνθ’</em></span> <span class='ocrx_word' id='word_1_14' title='bbox 1350 363 1459 420; x_wconf 81' lang='grc' dir='ltr'><em>ὑπὸ</em></span> <span class='ocrx_word' id='word_1_15' title='bbox 1484 365 1698 437; x_wconf 87' lang='grc' dir='ltr'><em>χθονός.</em></span> 
     </span>
     <span class='ocr_line' id='line_1_4' title="bbox 410 455 1871 523; baseline 0.005 -22"><span class='ocrx_word' id='word_1_16' title='bbox 410 455 534 502; x_wconf 81' lang='lat' dir='ltr'><strong>Stob.</strong></span> <span class='ocrx_word' id='word_1_17' title='bbox 563 456 682 503; x_wconf 85' lang='lat' dir='ltr'>Flor.</span> <span class='ocrx_word' id='word_1_18' title='bbox 713 459 759 516; x_wconf 86' lang='lat'><em>1,</em></span> <span class='ocrx_word' id='word_1_19' title='bbox 787 458 834 502; x_wconf 90' lang='lat'><em>4.</em></span> <span class='ocrx_word' id='word_1_20' title='bbox 885 473 946 504; x_wconf 82' lang='lat' dir='ltr'><em>vs.</em></span> <span class='ocrx_word' id='word_1_21' title='bbox 978 461 1002 504; x_wconf 91' lang='lat'>1</span> <span class='ocrx_word' id='word_1_22' title='bbox 1034 460 1162 505; x_wconf 80' lang='lat' dir='ltr'>affert</span> <span class='ocrx_word' id='word_1_23' title='bbox 1189 459 1350 507; x_wconf 79' lang='lat' dir='ltr'><strong>Sextus</strong></span> <span class='ocrx_word' id='word_1_24' title='bbox 1376 462 1540 523; x_wconf 84' lang='lat' dir='ltr'><strong>Empir.</strong></span> <span class='ocrx_word' id='word_1_25' title='bbox 1568 477 1613 523; x_wconf 90' lang='lat' dir='ltr'><em>p.</em></span> <span class='ocrx_word' id='word_1_26' title='bbox 1644 463 1763 522; x_wconf 86' lang='lat'><em>660,</em></span> <span class='ocrx_word' id='word_1_27' title='bbox 1790 463 1871 510; x_wconf 85' lang='lat'><em>25.</em></span> 
     </span>
    </p>
   </div>
   <div class='ocr_carea' id='block_1_3' title="bbox 407 679 1705 1011">
    <p class='ocr_par' dir='ltr' id='par_1_3' title="bbox 407 679 1705 1011">
     <span class='ocr_line' id='line_1_5' title="bbox 475 679 1616 759; baseline 0.006 -23"><span class='ocrx_word' id='word_1_28' title='bbox 475 679 738 748; x_wconf 75' lang='grc' dir='ltr'><em>ἀσύνετος</em></span> <span class='ocrx_word' id='word_1_29' title='bbox 769 679 915 748; x_wconf 80' lang='grc' dir='ltr'><em>ὅστις</em></span> <span class='ocrx_word' id='word_1_30' title='bbox 948 686 1007 739; x_wconf 84' lang='grc' dir='ltr'><em>ἐν</em></span> <span class='ocrx_word' id='word_1_31' title='bbox 1037 683 1194 759; x_wconf 76' lang='grc' dir='ltr'><em>φόβῳ</em></span> <span class='ocrx_word' id='word_1_32' title='bbox 1225 685 1325 756; x_wconf 73' lang='grc' dir='ltr'><em>μὲν</em></span> <span class='ocrx_word' id='word_1_33' title='bbox 1356 682 1616 758; x_wconf 68' lang='grc' dir='ltr'><em>ἀσθενής,</em></span> 
     </span>
     <span class='ocr_line' id='line_1_6' title="bbox 471 765 1705 843; baseline 0.006 -23"><span class='ocrx_word' id='word_1_34' title='bbox 471 765 658 837; x_wconf 71' lang='grc' dir='ltr'><em>λαβών</em></span> <span class='ocrx_word' id='word_1_35' title='bbox 690 768 750 822; x_wconf 78' lang='grc' dir='ltr'><em>δὲ</em></span> <span class='ocrx_word' id='word_1_36' title='bbox 782 767 978 838; x_wconf 79' lang='grc' dir='ltr'><em>μικρὸν</em></span> <span class='ocrx_word' id='word_1_37' title='bbox 1007 771 1102 839; x_wconf 87' lang='grc' dir='ltr'><em>τῆς</em></span> <span class='ocrx_word' id='word_1_38' title='bbox 1132 769 1296 843; x_wconf 80' lang='grc' dir='ltr'><strong><em>τύχης</em></strong></span> <span class='ocrx_word' id='word_1_39' title='bbox 1327 785 1524 842; x_wconf 86' lang='grc' dir='ltr'><em>φρονεῖ</em></span> <span class='ocrx_word' id='word_1_40' title='bbox 1553 774 1705 843; x_wconf 80' lang='grc' dir='ltr'><em>μέγα.</em></span> 
     </span>
     <span class='ocr_line' id='line_1_7' title="bbox 407 862 869 923; baseline 0.009 -15"><span class='ocrx_word' id='word_1_41' title='bbox 407 862 534 910; x_wconf 74' lang='lat' dir='ltr'><strong>Stoh.</strong></span> <span class='ocrx_word' id='word_1_42' title='bbox 559 864 680 910; x_wconf 86' lang='lat' dir='ltr'><strong>Flor.</strong></span> <span class='ocrx_word' id='word_1_43' title='bbox 708 864 759 923; x_wconf 82' lang='lat'><em>4,</em></span> <span class='ocrx_word' id='word_1_44' title='bbox 789 866 869 912; x_wconf 87' lang='lat'><em>10.</em></span> 
     </span>
     <span class='ocr_line' id='line_1_8' title="bbox 1056 960 1157 1011; baseline 0 0"><span class='ocrx_word' id='word_1_45' title='bbox 1056 960 1157 1011; x_wconf 83' lang='grc'><em>736</em></span> 
     </span>
    </p>
   </div>
   <div class='ocr_carea' id='block_1_4' title="bbox 469 1044 1814 1546">
    <p class='ocr_par' dir='ltr' id='par_1_4' title="bbox 471 1044 1542 1120">
     <span class='ocr_line' id='line_1_9' title="bbox 471 1044 1542 1120; baseline 0.006 -19"><span class='ocrx_word' id='word_1_46' title='bbox 471 1044 544 1110; x_wconf 76' lang='grc' dir='ltr'><em>ὡς</em></span> <span class='ocrx_word' id='word_1_47' title='bbox 575 1046 760 1113; x_wconf 84' lang='grc' dir='ltr'><em>σκαιὸς</em></span> <span class='ocrx_word' id='word_1_48' title='bbox 790 1047 930 1120; x_wconf 78' lang='grc' dir='ltr'><em>ἁνὴρ</em></span> <span class='ocrx_word' id='word_1_49' title='bbox 962 1050 1054 1104; x_wconf 83' lang='grc' dir='ltr'><em>καὶ</em></span> <span class='ocrx_word' id='word_1_50' title='bbox 1086 1054 1322 1115; x_wconf 81' lang='grc' dir='ltr'><em>ξένοισιν</em></span> <span class='ocrx_word' id='word_1_51' title='bbox 1353 1048 1542 1117; x_wconf 76' lang='grc' dir='ltr'><em>ἄξενος</em></span> 
     </span>
    </p>

    <p class='ocr_par' dir='ltr' id='par_1_5' title="bbox 469 1131 1814 1544">
     <span class='ocr_line' id='line_1_10' title="bbox 470 1131 1669 1207; baseline 0.006 -22"><span class='ocrx_word' id='word_1_52' title='bbox 470 1132 560 1185; x_wconf 80' lang='grc' dir='ltr'><em>καὶ</em></span> <span class='ocrx_word' id='word_1_53' title='bbox 590 1131 953 1202; x_wconf 77' lang='grc' dir='ltr'><em>μνημονεύων</em></span> <span class='ocrx_word' id='word_1_54' title='bbox 985 1131 1151 1189; x_wconf 78' lang='grc' dir='ltr'><em>οὐόεν</em></span> <span class='ocrx_word' id='word_1_55' title='bbox 1184 1134 1261 1190; x_wconf 82' lang='grc' dir='ltr'><em>ὠν</em></span> <span class='ocrx_word' id='word_1_56' title='bbox 1294 1139 1456 1207; x_wconf 73' lang='grc' dir='ltr'><em>ἐχρῆν</em></span> <span class='ocrx_word' id='word_1_57' title='bbox 1487 1142 1669 1207; x_wconf 80' lang='grc' dir='ltr'><em>φίλου</em></span> 
     </span>
     <span class='ocr_line' id='line_1_11' title="bbox 470 1213 1719 1292; baseline 0.006 -23"><span class='ocrx_word' id='word_1_58' title='bbox 470 1215 702 1271; x_wconf 75' lang='grc' dir='ltr'><em>σπάνιον</em></span> <span class='ocrx_word' id='word_1_59' title='bbox 733 1213 814 1287; x_wconf 74' lang='grc' dir='ltr'><em>ἄρ’</em></span> <span class='ocrx_word' id='word_1_60' title='bbox 849 1218 918 1286; x_wconf 83' lang='grc' dir='ltr'><em>ἠν</em></span> <span class='ocrx_word' id='word_1_61' title='bbox 946 1220 1221 1274; x_wconf 80' lang='grc' dir='ltr'><em>θανοῦσιν</em></span> <span class='ocrx_word' id='word_1_62' title='bbox 1251 1217 1517 1291; x_wconf 79' lang='grc' dir='ltr'><em>ἀσφαλεῖς</em></span> <span class='ocrx_word' id='word_1_63' title='bbox 1547 1228 1719 1292; x_wconf 81' lang='grc' dir='ltr'><em>φίλοι,</em></span> 
     </span>
     <span class='ocr_line' id='line_1_12' title="bbox 470 1293 1782 1375; baseline 0.007 -22"><span class='ocrx_word' id='word_1_64' title='bbox 470 1295 571 1354; x_wconf 76' lang='grc' dir='ltr'><em>κᾶν</em></span> <span class='ocrx_word' id='word_1_65' title='bbox 601 1295 808 1371; x_wconf 82' lang='grc' dir='ltr'><em>ὁμόθεν</em></span> <span class='ocrx_word' id='word_1_66' title='bbox 840 1293 964 1356; x_wconf 72' lang='grc' dir='ltr'><em>ὦσι·</em></span> <span class='ocrx_word' id='word_1_67' title='bbox 997 1300 1054 1357; x_wconf 80' lang='grc' dir='ltr'><em>τὸ</em></span> <span class='ocrx_word' id='word_1_68' title='bbox 1086 1301 1189 1373; x_wconf 73' lang='grc' dir='ltr'><em>γὰρ</em></span> <span class='ocrx_word' id='word_1_69' title='bbox 1223 1309 1367 1375; x_wconf 78' lang='grc' dir='ltr'><em>ἔχειν</em></span> <span class='ocrx_word' id='word_1_70' title='bbox 1396 1307 1564 1361; x_wconf 78' lang='grc' dir='ltr'><em>πλέον</em></span> <span class='ocrx_word' id='word_1_71' title='bbox 1594 1318 1782 1375; x_wconf 79' lang='grc' dir='ltr'><em>κρατεῖ</em></span> 
     </span>
     <span class='ocr_line' id='line_1_13' title="bbox 469 1382 1814 1461; baseline 0.005 -23"><span class='ocrx_word' id='word_1_72' title='bbox 469 1388 564 1453; x_wconf 84' lang='grc' dir='ltr'><em>τῆς</em></span> <span class='ocrx_word' id='word_1_73' title='bbox 597 1382 903 1455; x_wconf 78' lang='grc' dir='ltr'><em>εὐσεβείας·</em></span> <span class='ocrx_word' id='word_1_74' title='bbox 935 1384 969 1457; x_wconf 82' lang='grc' dir='ltr'>ἡ</span> <span class='ocrx_word' id='word_1_75' title='bbox 1003 1383 1051 1440; x_wconf 79' lang='grc' dir='ltr'><em>δ’</em></span> <span class='ocrx_word' id='word_1_76' title='bbox 1092 1391 1150 1442; x_wconf 81' lang='grc' dir='ltr'><em>ἐν</em></span> <span class='ocrx_word' id='word_1_77' title='bbox 1180 1383 1489 1458; x_wconf 72' lang='grc' dir='ltr'><em>ὀφθαλμοῖς</em></span> <span class='ocrx_word' id='word_1_78' title='bbox 1519 1388 1672 1461; x_wconf 75' lang='grc' dir='ltr'><em>χάρις</em></span> <span class='ocrx_word' id='word_1_79' title='bbox 1787 1406 1814 1446; x_wconf 84' lang='grc'>5</span> 
     </span>
     <span class='ocr_line' id='line_1_14' title="bbox 470 1463 1688 1546; baseline 0.005 -24"><span class='ocrx_word' id='word_1_80' title='bbox 470 1463 735 1537; x_wconf 70' lang='grc' dir='ltr'><em>ἀπόλωλ’,</em></span> <span class='ocrx_word' id='word_1_81' title='bbox 768 1466 899 1525; x_wconf 77' lang='grc' dir='ltr'><em>ὅταν</em></span> <span class='ocrx_word' id='word_1_82' title='bbox 929 1494 1009 1535; x_wconf 85' lang='grc' dir='ltr'><em>τις</em></span> <span class='ocrx_word' id='word_1_83' title='bbox 1043 1472 1100 1526; x_wconf 82' lang='grc' dir='ltr'><em>ἐκ</em></span> <span class='ocrx_word' id='word_1_84' title='bbox 1134 1470 1319 1542; x_wconf 85' lang='grc' dir='ltr'><em>ὁόμων</em></span> <span class='ocrx_word' id='word_1_85' title='bbox 1350 1470 1490 1543; x_wconf 73' lang='grc' dir='ltr'><em>ἀνὴρ</em></span> <span class='ocrx_word' id='word_1_86' title='bbox 1521 1472 1688 1546; x_wconf 72' lang='grc' dir='ltr'><em>θείνῃ.</em></span> 
     </span>
    </p>
   </div>
   <div class='ocr_carea' id='block_1_5' title="bbox 300 1563 1895 1700">
    <p class='ocr_par' dir='ltr' id='par_1_6' title="bbox 300 1563 1895 1700">
     <span class='ocr_line' id='line_1_15' title="bbox 406 1563 1895 1624; baseline 0.004 -14"><span class='ocrx_word' id='word_1_87' title='bbox 406 1563 530 1610; x_wconf 71' lang='lat' dir='ltr'>Stob.</span> <span class='ocrx_word' id='word_1_88' title='bbox 582 1565 702 1610; x_wconf 85' lang='lat' dir='ltr'><strong>Flor.</strong></span> <span class='ocrx_word' id='word_1_89' title='bbox 757 1566 819 1610; x_wconf 78' lang='grc'><em>12</em></span> <span class='ocrx_word' id='word_1_90' title='bbox 828 1567 882 1624; x_wconf 90' lang='grc'><em>6,</em></span> <span class='ocrx_word' id='word_1_91' title='bbox 921 1567 949 1613; x_wconf 85' lang='grc'>6</span> <span class='ocrx_word' id='word_1_92' title='bbox 1001 1575 1044 1612; x_wconf 80' lang='lat' dir='ltr'><em>et</em></span> <span class='ocrx_word' id='word_1_93' title='bbox 1096 1568 1139 1612; x_wconf 81' lang='lat'><em>7.</em></span> <span class='ocrx_word' id='word_1_94' title='bbox 1215 1584 1279 1614; x_wconf 59' lang='grc' dir='ltr'><em>κε.</em></span> <span class='ocrx_word' id='word_1_95' title='bbox 1316 1570 1347 1614; x_wconf 87' lang='lat'>4</span> <span class='ocrx_word' id='word_1_96' title='bbox 1393 1566 1538 1614; x_wconf 78' lang='grc' dir='ltr'><em>πλέον</em></span> <span class='ocrx_word' id='word_1_97' title='bbox 1579 1566 1744 1615; x_wconf 81' lang='grc' dir='ltr'><em>σθένει</em></span> <span class='ocrx_word' id='word_1_98' title='bbox 1802 1585 1895 1617; x_wconf 86' lang='lat' dir='ltr'><em>ma-</em></span> 
     </span>
     <span class='ocr_line' id='line_1_16' title="bbox 300 1630 1894 1700; baseline 0.006 -23"><span class='ocrx_word' id='word_1_99' title='bbox 300 1633 403 1692; x_wconf 80' lang='lat' dir='ltr'>lim,</span> <span class='ocrx_word' id='word_1_100' title='bbox 441 1634 556 1679; x_wconf 85' lang='lat' dir='ltr'>sieut</span> <span class='ocrx_word' id='word_1_101' title='bbox 591 1638 634 1680; x_wconf 86' lang='lat' dir='ltr'><em>in</em></span> <span class='ocrx_word' id='word_1_102' title='bbox 671 1635 807 1696; x_wconf 87' lang='lat' dir='ltr'>Soph.</span> <span class='ocrx_word' id='word_1_103' title='bbox 846 1637 902 1682; x_wconf 82' lang='lat' dir='ltr'><em>fr.</em></span> <span class='ocrx_word' id='word_1_104' title='bbox 939 1637 1040 1684; x_wconf 79' lang='lat'><em>854</em></span> <span class='ocrx_word' id='word_1_105' title='bbox 1077 1633 1222 1682; x_wconf 79' lang='grc' dir='ltr'><em>πλέον</em></span> <span class='ocrx_word' id='word_1_106' title='bbox 1259 1634 1524 1685; x_wconf 85' lang='grc' dir='ltr'><em>σθένουσιν</em></span> <span class='ocrx_word' id='word_1_107' title='bbox 1557 1630 1588 1700; x_wconf 77' lang='grc' dir='ltr'><em>ἦ</em></span> <span class='ocrx_word' id='word_1_108' title='bbox 1628 1634 1804 1700; x_wconf 76' lang='grc' dir='ltr'><em>κράτος</em></span> <span class='ocrx_word' id='word_1_109' title='bbox 1828 1655 1894 1686; x_wconf 84' lang='lat' dir='ltr'><em>re-</em></span> 
     </span>
    </p>
   </div>
   <div class='ocr_carea' id='block_1_6' title="bbox 302 1705 1541 2092">
    <p class='ocr_par' dir='ltr' id='par_1_7' title="bbox 302 1705 1541 2092">
     <span class='ocr_line' id='line_1_17' title="bbox 302 1705 513 1764; baseline 0.01 -16"><span class='ocrx_word' id='word_1_110' title='bbox 302 1705 513 1764; x_wconf 81' lang='lat' dir='ltr'><strong>quiritur.</strong></span> 
     </span>
     <span class='ocr_line' id='line_1_18' title="bbox 1056 1773 1155 1825; baseline 0.01 -1"><span class='ocrx_word' id='word_1_111' title='bbox 1056 1773 1155 1825; x_wconf 81' lang='lat'><em>737</em></span> 
     </span>
     <span class='ocr_line' id='line_1_19' title="bbox 469 1856 1541 1937; baseline 0.008 -23"><span class='ocrx_word' id='word_1_112' title='bbox 469 1857 637 1916; x_wconf 84' lang='grc' dir='ltr'><em>καλόν</em></span> <span class='ocrx_word' id='word_1_113' title='bbox 668 1858 711 1931; x_wconf 79' lang='grc' dir='ltr'><em>γ’</em></span> <span class='ocrx_word' id='word_1_114' title='bbox 748 1856 960 1934; x_wconf 70' lang='grc' dir='ltr'><em>ἀληθὴς</em></span> <span class='ocrx_word' id='word_1_115' title='bbox 991 1858 1219 1934; x_wconf 77' lang='grc' dir='ltr'><em>κᾶτενὴς</em></span> <span class='ocrx_word' id='word_1_116' title='bbox 1249 1871 1541 1937; x_wconf 78' lang='grc' dir='ltr'><em>παρρησία.</em></span> 
     </span>
     <span class='ocr_line' id='line_1_20' title="bbox 408 1955 872 2018; baseline 0.002 -16"><span class='ocrx_word' id='word_1_117' title='bbox 408 1955 534 2002; x_wconf 77' lang='lat' dir='ltr'>Stoh.</span> <span class='ocrx_word' id='word_1_118' title='bbox 562 1958 683 2003; x_wconf 88' lang='lat' dir='ltr'><strong>Flor.</strong></span> <span class='ocrx_word' id='word_1_119' title='bbox 718 1959 797 2018; x_wconf 88' lang='grc'><em>13,</em></span> <span class='ocrx_word' id='word_1_120' title='bbox 825 1959 872 2006; x_wconf 87' lang='grc'><em>8.</em></span> 
     </span>
     <span class='ocr_line' id='line_1_21' title="bbox 1054 2040 1154 2092; baseline 0 0"><span class='ocrx_word' id='word_1_121' title='bbox 1054 2040 1154 2092; x_wconf 80' lang='grc'><em>738</em></span> 
     </span>
    </p>
   </div>
   <div class='ocr_carea' id='block_1_7' title="bbox 408 2125 1810 2879">
    <p class='ocr_par' dir='ltr' id='par_1_8' title="bbox 469 2125 1676 2291">
     <span class='ocr_line' id='line_1_22' title="bbox 469 2125 1676 2203; baseline 0.007 -23"><span class='ocrx_word' id='word_1_122' title='bbox 469 2128 659 2182; x_wconf 81' lang='grc' dir='ltr'><em>πολλοὶ</em></span> <span class='ocrx_word' id='word_1_123' title='bbox 689 2131 920 2198; x_wconf 74' lang='grc' dir='ltr'><em>γεγῶτες</em></span> <span class='ocrx_word' id='word_1_124' title='bbox 951 2125 1148 2198; x_wconf 68' lang='grc' dir='ltr'><em>ἄνδρες</em></span> <span class='ocrx_word' id='word_1_125' title='bbox 1180 2131 1281 2186; x_wconf 84' lang='grc' dir='ltr'><em>οὐκ</em></span> <span class='ocrx_word' id='word_1_126' title='bbox 1313 2130 1493 2203; x_wconf 77' lang='grc' dir='ltr'><em>ἑ’χουσ’</em></span> <span class='ocrx_word' id='word_1_127' title='bbox 1528 2131 1676 2199; x_wconf 79' lang='grc' dir='ltr'><em>ὅπως</em></span> 
     </span>
     <span class='ocr_line' id='line_1_23' title="bbox 473 2210 1600 2291; baseline 0.007 -26"><span class='ocrx_word' id='word_1_128' title='bbox 473 2213 747 2276; x_wconf 76' lang='grc' dir='ltr'><em>δείξουσιν</em></span> <span class='ocrx_word' id='word_1_129' title='bbox 778 2210 978 2278; x_wconf 77' lang='grc' dir='ltr'><em>αὐτοὺς</em></span> <span class='ocrx_word' id='word_1_130' title='bbox 1009 2217 1120 2269; x_wconf 79' lang='grc' dir='ltr'><em>τῶν</em></span> <span class='ocrx_word' id='word_1_131' title='bbox 1151 2218 1336 2272; x_wconf 73' lang='grc' dir='ltr'><em>κακῶν</em></span> <span class='ocrx_word' id='word_1_132' title='bbox 1369 2218 1600 2291; x_wconf 81' lang='grc' dir='ltr'><em>ἐξουσίᾳ.</em></span> 
     </span>
    </p>

    <p class='ocr_par' dir='ltr' id='par_1_9' title="bbox 408 2305 1810 2879">
     <span class='ocr_line' id='line_1_24' title="bbox 408 2305 905 2368; baseline 0.008 -16"><span class='ocrx_word' id='word_1_133' title='bbox 408 2305 534 2353; x_wconf 77' lang='lat' dir='ltr'>Stob.</span> <span class='ocrx_word' id='word_1_134' title='bbox 562 2307 680 2353; x_wconf 86' lang='lat' dir='ltr'><strong>Flor.</strong></span> <span class='ocrx_word' id='word_1_135' title='bbox 713 2310 830 2368; x_wconf 89' lang='grc'>106,</span> <span class='ocrx_word' id='word_1_136' title='bbox 858 2311 905 2356; x_wconf 84' lang='grc'><em>7.</em></span> 
     </span>
     <span class='ocr_line' id='line_1_25' title="bbox 469 2462 1685 2538; baseline 0.007 -21"><span class='ocrx_word' id='word_1_137' title='bbox 469 2465 578 2532; x_wconf 81' lang='grc' dir='ltr'><em>φεῦ</em></span> <span class='ocrx_word' id='word_1_138' title='bbox 607 2467 732 2534; x_wconf 85' lang='grc' dir='ltr'><em>φεῦ,</em></span> <span class='ocrx_word' id='word_1_139' title='bbox 764 2462 822 2519; x_wconf 86' lang='grc' dir='ltr'><em>τὸ</em></span> <span class='ocrx_word' id='word_1_140' title='bbox 853 2469 1025 2535; x_wconf 87' lang='grc' dir='ltr'><em>φῦναι</em></span> <span class='ocrx_word' id='word_1_141' title='bbox 1054 2465 1256 2537; x_wconf 81' lang='grc' dir='ltr'><em>πατρὸς</em></span> <span class='ocrx_word' id='word_1_142' title='bbox 1289 2466 1549 2538; x_wconf 83' lang='grc' dir='ltr'><em>εὐγενοῦς</em></span> <span class='ocrx_word' id='word_1_143' title='bbox 1578 2466 1685 2525; x_wconf 75' lang='grc' dir='ltr'><em>ἄπο</em></span> 
     </span>
     <span class='ocr_line' id='line_1_26' title="bbox 468 2543 1391 2622; baseline 0.008 -22"><span class='ocrx_word' id='word_1_144' title='bbox 468 2543 605 2616; x_wconf 80' lang='grc' dir='ltr'><em>ὅσην</em></span> <span class='ocrx_word' id='word_1_145' title='bbox 637 2552 743 2618; x_wconf 82' lang='grc' dir='ltr'><em>ε’χει</em></span> <span class='ocrx_word' id='word_1_146' title='bbox 774 2547 1050 2620; x_wconf 81' lang='grc' dir='ltr'><em>φρόνησιν</em></span> <span class='ocrx_word' id='word_1_147' title='bbox 1081 2547 1289 2622; x_wconf 72' lang='grc' dir='ltr'><em>ἀξίωμά</em></span> <span class='ocrx_word' id='word_1_148' title='bbox 1319 2575 1391 2606; x_wconf 86' lang='grc' dir='ltr'><em>τε.</em></span> 
     </span>
     <span class='ocr_line' id='line_1_27' title="bbox 468 2635 1764 2708; baseline 0.007 -24"><span class='ocrx_word' id='word_1_149' title='bbox 468 2652 573 2686; x_wconf 77' lang='grc' dir='ltr'><em>καν</em></span> <span class='ocrx_word' id='word_1_150' title='bbox 604 2654 705 2700; x_wconf 74' lang='grc' dir='ltr'><em>γαρ</em></span> <span class='ocrx_word' id='word_1_151' title='bbox 738 2635 903 2702; x_wconf 85' lang='grc' dir='ltr'><em>πένης</em></span> <span class='ocrx_word' id='word_1_152' title='bbox 937 2657 1013 2689; x_wconf 90' lang='grc' dir='ltr'><em>ων</em></span> <span class='ocrx_word' id='word_1_153' title='bbox 1044 2658 1306 2707; x_wconf 79' lang='grc' dir='ltr'><em>τυγχανη,</em></span> <span class='ocrx_word' id='word_1_154' title='bbox 1335 2636 1561 2708; x_wconf 81' lang='grc' dir='ltr'><em>χρηστὸς</em></span> <span class='ocrx_word' id='word_1_155' title='bbox 1591 2659 1764 2708; x_wconf 81' lang='grc' dir='ltr'><em>γεγως</em></span> 
     </span>
     <span class='ocr_line' id='line_1_28' title="bbox 467 2712 1662 2790; baseline 0.008 -23"><span class='ocrx_word' id='word_1_156' title='bbox 467 2712 630 2784; x_wconf 81' lang='grc' dir='ltr'><em>τιμὴν</em></span> <span class='ocrx_word' id='word_1_157' title='bbox 662 2736 770 2786; x_wconf 86' lang='grc' dir='ltr'><em>εχει</em></span> <span class='ocrx_word' id='word_1_158' title='bbox 799 2715 895 2770; x_wconf 79' lang='grc' dir='ltr'><em>τιν’</em></span> <span class='ocrx_word' id='word_1_159' title='bbox 906 2715 1425 2790; x_wconf 80' lang='grc' dir='ltr'><em>,ἀναμετρούμενος</em></span> <span class='ocrx_word' id='word_1_160' title='bbox 1458 2723 1523 2776; x_wconf 84' lang='grc' dir='ltr'><em>δέ</em></span> <span class='ocrx_word' id='word_1_161' title='bbox 1549 2743 1662 2785; x_wconf 86' lang='grc' dir='ltr'><em>πως</em></span> 
     </span>
     <span class='ocr_line' id='line_1_29' title="bbox 467 2797 1810 2879; baseline 0.007 -28"><span class='ocrx_word' id='word_1_162' title='bbox 467 2797 525 2852; x_wconf 89' lang='grc' dir='ltr'><em>τὸ</em></span> <span class='ocrx_word' id='word_1_163' title='bbox 556 2801 654 2853; x_wconf 81' lang='grc' dir='ltr'><em>τοῦ</em></span> <span class='ocrx_word' id='word_1_164' title='bbox 686 2797 887 2871; x_wconf 86' lang='grc' dir='ltr'><em>πατρὸς</em></span> <span class='ocrx_word' id='word_1_165' title='bbox 919 2815 1179 2870; x_wconf 82' lang='grc' dir='ltr'><em>γενναῖον</em></span> <span class='ocrx_word' id='word_1_166' title='bbox 1211 2801 1418 2874; x_wconf 78' lang='grc' dir='ltr'><em>ὠφελεῖ</em></span> <span class='ocrx_word' id='word_1_167' title='bbox 1443 2801 1640 2879; x_wconf 75' lang='grc' dir='ltr'><em>τρόπῳ.</em></span> <span class='ocrx_word' id='word_1_168' title='bbox 1783 2822 1810 2862; x_wconf 84' lang='grc'><strong>5</strong></span> 
     </span>
    </p>
   </div>
   <div class='ocr_carea' id='block_1_8' title="bbox 403 2889 1894 2961">
    <p class='ocr_par' dir='ltr' id='par_1_10' title="bbox 403 2889 1894 2961">
     <span class='ocr_line' id='line_1_30' title="bbox 403 2889 1894 2961; baseline 0.007 -23"><span class='ocrx_word' id='word_1_169' title='bbox 403 2893 528 2940; x_wconf 61' lang='lat' dir='ltr'><strong>stol).</strong></span> <span class='ocrx_word' id='word_1_170' title='bbox 559 2895 680 2941; x_wconf 84' lang='lat' dir='ltr'>Flor.</span> <span class='ocrx_word' id='word_1_171' title='bbox 721 2893 813 2956; x_wconf 78' lang='grc'><em>88,</em></span> <span class='ocrx_word' id='word_1_172' title='bbox 851 2897 894 2942; x_wconf 82' lang='lat'><em>2.</em></span> <span class='ocrx_word' id='word_1_173' title='bbox 947 2914 1007 2943; x_wconf 83' lang='lat' dir='ltr'><em>vs.</em></span> <span class='ocrx_word' id='word_1_174' title='bbox 1038 2898 1066 2944; x_wconf 75' lang='lat'>2</span> <span class='ocrx_word' id='word_1_175' title='bbox 1103 2895 1196 2958; x_wconf 76' lang='grc' dir='ltr'><em>ἔχει</em></span> <span class='ocrx_word' id='word_1_176' title='bbox 1235 2893 1443 2959; x_wconf 78' lang='grc' dir='ltr'><em>δόκησιν</em></span> <span class='ocrx_word' id='word_1_177' title='bbox 1478 2889 1747 2961; x_wconf 73' lang='grc' dir='ltr'><em>ἀξιώματος</em></span> <span class='ocrx_word' id='word_1_178' title='bbox 1789 2903 1894 2949; x_wconf 85' lang='lat' dir='ltr'>Mei-</span> 
     </span>
    </p>
   </div>
   <div class='ocr_carea' id='block_1_9' title="bbox 2002 0 2077 1486">
    <p class='ocr_par' dir='ltr' id='par_1_11' title="bbox 2002 0 2077 1486">
     <span class='ocr_line' id='line_1_31' title="bbox 2002 0 2077 1486; baseline 0 0"><span class='ocrx_word' id='word_1_179' title='bbox 2002 0 2077 1486; x_wconf 95' lang='lat' dir='ltr'><em> </em></span> 
     </span>
    </p>
   </div>
  </div>
 </body>
</html>
