2077 3139
313 145 418 200 266
926 145 1320 188 mcERTARvM

1063 283 1163 335 941

481 364 520 445 ἦ
547 372 720 430 πολλὰ
749 374 840 429 καὶ
873 371 1197 444 δύσγνωστα
1229 369 1487 441 βουλεύει
1516 367 1663 439 θεός.

420 471 556 518 Orion
582 471 699 517 Flor.
728 471 877 531 Eurip.
907 471 935 516 3
962 485 1004 531 p.
1034 469 1152 528 264,
1182 469 1263 515 24.

1059 604 1161 656 942

482 694 649 760 θεοὺς
680 691 943 768 ἀρέσκον·
978 699 1090 750 πᾶν
1121 693 1223 765 γὰρ
1257 696 1315 750 ἐκ
1345 695 1496 750 θεῶν
1526 694 1691 758 τέλος.

418 804 555 853 Orion
581 805 700 851 Flor.
728 807 878 866 Eurip.
908 806 935 852 6
963 820 1005 866 p.
1026 805 1143 863 265,
1172 805 1216 851 5.
1261 795 1411 860 θεοὺς
1438 806 1616 866 scripsi,
1643 803 1781 857 θεοῖς
1805 802 1903 849 cod.

1061 940 1162 992 943

482 1033 571 1087 καὶ
603 1045 714 1096 τοῖς
739 1034 992 1088 τεκοῦσιν
1022 1026 1181 1096 ἀξίαν
1210 1027 1371 1102 τιμὴν
1400 1031 1585 1102 νέμειν

422 1140 557 1187 Orion
584 1142 703 1188 Flor.
731 1142 882 1202 Eurip.
913 1142 978 1188 10
1003 1157 1046 1201 p.
1075 1141 1192 1200 265,
1223 1143 1299 1187 17.
1351 1142 1463 1186 idem
1493 1154 1648 1186 versus
1675 1154 1775 1187 cum
1801 1139 1903 1186 Eur.

316 1211 486 1258 Heracl.
523 1212 622 1259 297
660 1221 704 1259 et
740 1213 838 1259 298
877 1213 1145 1258 coniunctus
1184 1219 1302 1257 extat
1336 1214 1380 1256 in
1417 1211 1543 1257 Stoh.
1581 1211 1701 1256 Flor.
1733 1211 1823 1268 79,
1851 1210 1904 1256 3:

317 1276 369 1326 ἐν
404 1271 568 1326 ταύτω
607 1281 685 1341 (sc.
716 1272 840 1341 Εύρ.
875 1271 1246 1340 Ἡρακλείδαις).
1308 1271 1425 1325 εοὐκ
1464 1277 1562 1325 ἔστι
1595 1275 1734 1325 παισὶ
1767 1276 1908 1325 τοῦδε

317 1345 516 1396 καλλιον
555 1347 717 1420 γέρας
734 1343 767 1410 ἡ
801 1345 981 1407 πατρὸς
1016 1346 1198 1396 ἐσθλοῦ
1243 1339 1474 1412 κάγαθοῦ
1516 1346 1788 1410 πεφυκέναι
1822 1345 1906 1395 καὶ

317 1423 416 1478 τοῖς
441 1420 666 1467 τεκοῦσιν
691 1411 832 1479 ἆξιάν
857 1410 1001 1482 τιμὴν
1027 1417 1239 1482 νέμειν’.

1061 1556 1165 1609 944

486 1644 557 1712 ὦς
587 1642 696 1718 ἡδύ
729 1648 932 1716 πατέρα
966 1647 1156 1702 παισὶν
1187 1644 1350 1717 ἤπιον
1381 1658 1574 1714 κυρεῖν

488 1733 579 1787 καὶ
610 1735 810 1797 παῖδας
844 1731 984 1786 εἶναι
1015 1732 1179 1801 πατρὶ
1209 1728 1281 1802 μὴ
1314 1730 1735 1802 στυγουμὲνους.

423 1827 559 1874 Orion
586 1829 702 1874 Flor.
730 1829 882 1888 Eurip.
915 1827 976 1873 12
1013 1843 1056 1888 p.
1087 1828 1211 1886 265,
1241 1828 1322 1874 21.

1071 1963 1173 2015 945

485 2046 554 2122 ἢν
585 2055 641 2108 οἱ
665 2051 912 2118 τεκόντες
943 2056 1105 2109 τοῦτο
1137 2051 1472 2123 γιγνώσκωσ’
1508 2076 1590 2108 οτι

489 2138 602 2191 νέοι
633 2134 751 2192 ποτ’
790 2136 948 2206 ἦσαν,
980 2133 1152 2207 ἠπίως
1183 2136 1283 2208 τὴν
1314 2142 1422 2192 τῶν
1451 2138 1660 2192 τέκνων

487 2227 708 2276 οἴσουσι
739 2219 976 2292 Κύπριν,
1009 2218 1211 2291 φύντες
1243 2244 1308 2276 ου
1342 2222 1519 2277 σκαιοὶ
1550 2219 1738 2292 φύσιν.

425 2330 562 2376 Orion
597 2330 718 2376 Flor.
753 2331 903 2391 Eurip.
945 2331 1008 2378 13
1047 2347 1088 2391 p.
1127 2331 1254 2383 265
1293 2331 1374 2379 23.
1437 2348 1501 2377 vs.
1541 2331 1568 2376 2
1605 2318 1775 2375 καύτοὶ
1811 2324 1912 2375 νέοι

322 2389 431 2444 ποτ’
468 2398 623 2462 ἦσαν,
659 2389 812 2459 ἠπίως
845 2397 1028 2446 τέκνων
1056 2402 1315 2447 Meinekius.
1367 2417 1429 2447 vs.
1459 2402 1489 2448 3
1531 2393 1710 2461 φύντες
1734 2402 1910 2461 scripsi,

321 2460 488 2526 όυντες
514 2471 612 2516 cod.

1072 2563 1174 2616 946

489 2650 637 2719 ὅστις
669 2650 846 2724 πατὴρ
879 2652 1012 2725 πρὸς
1043 2658 1243 2720 παῖδας
1276 2657 1517 2725 ἐκβαίνει
1548 2655 1774 2726 πικρῶς,

490 2737 548 2793 τὸ
581 2743 752 2810 γῆρας
783 2737 940 2802 οὗτος
973 2739 1306 2810 ἑρματίζεται
1337 2736 1499 2809 βαρύ.

325 2905 366 2948 u
450 2835 586 2881 Orion
637 2835 756 2881 Flor.
803 2835 955 2896 Eurip.
1009 2835 1073 2881 14
1123 2851 1168 2896 p.
1215 2835 1341 2893 265,
1395 2835 1473 2882 26.
1546 2849 1610 2880 vs.
1659 2834 1687 2880 1
1737 2823 1913 2894 πικρός

366 2906 531 2964 'agnen
