2077 3139
937 91 1045 133 mse
1681 88 1780 140 111

197 250 364 313 χοντος
395 259 467 269 -
500 222 527 280 ὃ
561 227 651 293 μὲν
694 220 964 309 ὑποκριτὴς
999 227 1254 292 ἐπέραινεν
1288 225 1382 292 ἤδη
1417 248 1475 278 τα
1511 228 1705 294 ἰαμβεῖα
1732 225 1784 276 ἐν

197 297 272 361 οἷς
306 294 331 349 ὁ
367 294 643 362 Εὐριπίδης
678 293 758 347 δια
792 302 995 363 μακρῶν
1029 296 1332 360 αὐξηθέντας
1366 292 1478 357 τοὺς
1493 316 1784 380 τυραννους

198 365 492 420 ἁλίσκεσθαι
518 371 688 449 φησὶν
696 362 791 417 ὑπὸ
806 370 1035 465 μικρῶν,
1062 364 1380 449 ἆναπηὸησας
1406 361 1505 418 δὲ
1484 387 1508 416 ο
1543 361 1782 417 Ἀπολλώ-

197 459 301 499 νιος
335 434 462 488 ἀλλ’
501 435 527 488 ὁ
564 432 748 497 δειλὸς’
787 439 879 502 ἔφη
914 435 1081 497 οὗτος
1115 433 1226 487 ούτε
1252 432 1526 500 Εὐριπίδου
1563 438 1785 499 ξυνίησιν

197 506 306 559 ου’τε
341 509 502 573 s'pofi’.
567 529 630 558 vs.
660 514 688 558 2
725 519 770 558 et
805 514 834 560 3
871 512 1003 558 habet
1036 513 1152 557 Plut.
1191 513 1298 558 Mor.
1335 528 1377 572 p.
1419 512 1517 559 104
1543 515 1594 557 A.
1651 511 1784 557 verbi

197 575 266 643 μί’
306 575 461 643 ημέρα
488 608 552 615 -
579 570 652 643 ἦρ’
692 571 795 627 άνω
821 581 903 642 (ν3.
932 582 960 626 2
989 589 1033 627 et
1059 582 1107 640 3)
1135 584 1321 642 respicit
1355 582 1481 626 Philo
1509 582 1600 626 Iud.
1637 580 1723 626 vol.
1756 582 1782 625 1

201 671 242 714 p.
271 653 760 727 644(cs.10h.1,y‹1us
787 653 840 697 de
866 666 1004 697 mens.
1031 652 1089 710 4
1119 652 1147 696 7
1175 651 1341 711 p.55,
1373 651 1451 711 18)
1491 659 1535 696 et
1561 651 1646 697 vol.
1674 651 1702 695 2
1738 666 1785 730 p.

199 724 282 770 85.
334 739 397 769 vs.
424 716 457 768 2
494 713 555 776 ὦς
581 736 731 782 μικρα
768 721 895 768 Stob.
911 757 924 780 ,
960 711 1227 781 μικρότατα
1263 722 1380 768 Plut.
1430 736 1494 767 vs.
1531 721 1560 767 3
1603 735 1662 764 τα
1697 714 1785 780 μὲν

197 794 332 852 plut„
359 787 440 837 τὸν
468 786 557 851 μὲν
585 792 738 837 ceteri.

946 912 1050 964 425

369 1009 572 1067 κοίλοις
606 1004 664 1057 ἐν
693 999 906 1073 ἄντροις
938 999 1189 1073 ἄλυχνος,
1225 999 1362 1057 ὥστε
1393 999 1523 1071 θήρ,
1556 999 1714 1071 μόνος

302 1099 458 1144 Pollux
485 1099 542 1155 7,
581 1099 677 1145 178
713 1099 766 1144 de
802 1113 838 1142 v.
879 1091 1049 1157 λύχνος
1084 1107 1129 1145 et
1162 1099 1396 1144 derivatis:
1434 1090 1710 1156 Εὐριπίδης
1746 1087 1786 1140 δ’

200 1163 251 1212 ἐν
273 1157 392 1212 Ἰνοῖ
414 1167 427 1190 ‘
446 1165 626 1222 κοίλοις
650 1192 720 1201 -
745 1162 940 1227 μόνος’.

947 1290 1050 1341 426

366 1379 557 1445 πολλοὶ
587 1381 863 1448 παρῆσαν,
896 1375 1011 1433 αλλ’
1045 1376 1246 1434 ἄπιστα
1279 1383 1576 1434 Θεσσαλῶν

305 1473 455 1519 Schol.
481 1477 558 1520 Ar.
585 1475 700 1523 Plut
732 1475 828 1521 521
835 1471 934 1549 (cf.
963 1475 1085 1521 Suid.
1114 1493 1150 1520 v.
1177 1465 1558 1532 ανὸραποὸίζω).
1588 1467 1786 1535 διαβαλ-

202 1543 365 1588 λονται
393 1539 443 1589 ὁὲ
468 1541 520 1588 οἱ
544 1539 773 1589 Θετταλοὶ
816 1533 878 1598 ὡς
903 1533 1286 1621 ἀνδραποδισταὶ
1321 1540 1403 1589 καὶ
1432 1541 1788 1604 αἰσχροκερδεῖς

201 1608 283 1657 καὶ
311 1625 520 1660 απιστοι.
547 1609 629 1658 καὶ
657 1605 984 1671 Ευριπίόης’
962 1629 1012 1659 εν
1033 1604 1153 1660 Ῑνοῖ
1176 1611 1371 1660 πολλοὶ
1400 1613 1651 1676 παρῆσαν,
1689 1603 1785 1659 ἀλλ’

199 1674 395 1729 α’πιστοι
437 1681 707 1730 &ermion
768 1684 915 1729 Schol.
952 1686 1054 1730 Eur.
1090 1686 1257 1730 Phoen.
1298 1685 1462 1732 1408:
1496 1681 1710 1739 λοιδορεῖ
1738 1681 1790 1731 δὲ

201 1766 313 1807 τους
334 1745 607 1807 Θεσσαλους
633 1746 660 1797 ὁ
683 1743 998 1812 Εὐριπίδης
1011 1751 1179 1800 πολλοὶ
1199 1771 1293 1816 γαρ
1320 1751 1457 1813 εἰσιν,
1484 1744 1580 1799 αλλ’
1609 1747 1788 1800 ἄπιστα

202 1819 508 1877 Θεσσαλοῖς-ζ
581 1821 836 1869 Θεσσαλῶν
882 1825 1258 1871 Hemsterhusius.
1328 1818 1377 1869 ἐν
1425 1821 1568 1870 Οἰνεῖ
1612 1840 1693 1886 pro
1739 1819 1791 1869 ἐν

195 1883 317 1937 Ινοῖ
335 1894 616 1939 scribendum
644 1908 743 1939 esse
771 1895 963 1939 coniecit
992 1895 1283 1954 Hartungius.

372 2150 382 2160 .
419 2150 427 2159 .
465 2100 509 2159 δ’
543 2100 650 2174 ἄρα

306 2199 519 2260 Hesych.:
561 2189 603 2244 δ’
640 2190 758 2262 ἄρα’
800 2191 862 2257 ὦς
898 2191 974 2260 δή.
1025 2190 1301 2262 Εὐριπίδης
1328 2195 1458 2249 Ἰνοῖ.
1511 2205 1619 2249 mira
1653 2219 1792 2250 anno·

203 2272 332 2329 tatio,
360 2284 490 2330 quam
518 2285 667 2316 sanam
694 2286 794 2318 esse
821 2287 911 2318 non
938 2269 1217 2318 crediderim.

894 2404 963 2452 ΙΞ
976 2407 1096 2449 ΙΩΝ

307 2494 362 2539 De
389 2495 543 2555 mytho
571 2495 627 2540 cf.
655 2495 803 2541 Scliol.
832 2495 980 2556 Apoll.
1015 2497 1241 2554 R110d.3‚
1271 2497 1333 2543 62
1373 2497 1522 2546 Schol.
1550 2497 1598 2542 11.
1627 2499 1663 2542 Α
1690 2497 1788 2544 268

201 2563 254 2609 al.
282 2564 547 2610 Plutarchus
574 2564 682 2610 Mor.
721 2581 764 2641 p.
795 2566 856 2612 19
885 2567 939 2610 E:
977 2558 1134 2624 ὥσπερ
1170 2555 1195 2611 ὁ
1223 2555 1496 2625 Ευριπίδης
1532 2564 1684 2611 εἰπεῖν
1722 2565 1790 2610 25-

201 2647 335 2692 γεται
377 2624 495 2691 πρὸς
538 2648 650 2688 τους
689 2627 775 2679 τὸν
811 2625 987 2690 Ἰξίονα
1030 2632 1372 2713 λοιδοροῦντας
1419 2627 1482 2692 ὡς
1518 2648 1600 2680 ασε
1604 2635 1672 2696 βῆ
1707 2631 1789 2680 καὶ

202 2693 406 2780 ιιιαρόν,
443 2704 529 2748 ov
564 2700 728 2763 μέντοι
763 2698 1003 2763 πρότερον
1037 2696 1187 2750 αὐτὸν
1215 2701 1266 2751 ἐκ
1301 2706 1384 2764 τῆς
1411 2706 1594 2766 σκηνῆς
1621 2697 1789 2766 ἐξῆ-γα

203 2785 292 2832 γον
326 2761 358 2831 ἢ
392 2771 461 2836 τῷ
495 2771 652 2839 τροχῷ
686 2774 1039 2833 προσηλῶσαι’.
1093 2776 1197 2822 hinc
1223 2784 1267 2822 et
1303 2779 1530 2836 ingenium
1557 2776 1719 2822 Ixionis
1747 2784 1791 2820 et

205 2842 376 2889 fabulae
403 2845 571 2889 exitum
606 2847 933 2905 cognoscimus.
980 2845 1124 2891 obiter
1149 2847 1279 2891 huius
1306 2847 1565 2906 tragoediae
1591 2847 1790 2892 meminit
