2077 3139
601 151 968 194 FABVLARVM
987 149 1211 196 FRAGM.
1600 149 1700 204 267

863 288 964 341 947

223 377 347 424 Philo
384 378 475 424 Iud.
512 375 690 432 Quaest.
727 378 773 422 in
810 378 969 422 Genes.
1004 377 1092 423 vol.
1123 377 1152 423 7
1188 392 1231 437 p.
1263 378 1360 424 188
1389 378 1455 424 ed.
1483 379 1700 424 Richter.=

118 451 289 506 optime
315 450 440 493 dixit
464 448 807 507 Epicharmus.-
841 451 1132 506 quicunque,
1163 451 1251 505 ait,
1281 451 1435 494 minus
1459 450 1698 507 delinquit,

119 521 319 576 optimus
344 523 412 562 est
438 521 510 563 vir
520 537 536 568 ,·
570 530 703 562 nemo
738 523 805 562 est
842 520 960 562 enim
984 520 1234 575 innocens,
1273 531 1405 563 nemo
1444 519 1701 576 reprelien-

117 590 262 633 sionis
297 599 488 644 expers.
526 592 570 632 et
605 587 862 643 Euripides
895 587 1191 647 ‘quicunque
1222 589 1568 633 incontinentes
1594 593 1703 633 sunt

121 664 163 702 et
198 658 433 702 redundat
465 659 511 701 in
548 659 615 701 eis
658 657 829 701 malum
870 658 1142 702 inimicitiae
1181 661 1229 702 et
1267 659 1548 713 iniustitiae,
1592 659 1706 702 mali

118 731 252 777 sunt;
274 729 322 771 in
348 726 517 785 quibus
536 732 692 771 autem
713 728 929 782 opposita
950 728 1250 783 praevalent,
1273 729 1445 772 virtute
1467 729 1677 785 praediti
1688 746 1702 777 ;

116 800 165 842 in
193 798 301 841 aliis
333 808 442 841 vero
466 798 533 840 ita
569 798 708 853 quasi
741 796 956 853 aequalis
979 798 1038 839 sit
1074 798 1364 853 commixtio,
1401 798 1468 841 ita
1503 802 1553 841 ut
1587 799 1703 842 nulli

116 869 211 910 sint
234 868 316 924 qui
339 867 493 910 omnia
519 867 645 910 mala
671 865 877 909 habeant
902 867 1003 909 sine
1038 866 1132 910 ullo
1160 864 1321 910 bono'.
1372 864 1476 910 ibid.
1504 880 1547 924 p.
1577 865 1699 912 240:

118 936 375 992 Euripides
409 947 592 993 quoque
630 937 856 979 neminem
882 935 1341 992 irreprehensibilem
1367 935 1507 991 dixit,
1548 941 1702 980 tamen

116 1005 392 1064 quibusdam
428 1005 733 1049 abundantur
764 1006 1049 1049 malitiarum
1079 1004 1294 1062 fomenta
1334 1008 1494 1062 turpia
1520 1008 1701 1064 iniqua,

116 1072 233 1119 adeo
253 1076 422 1131 pravis
456 1075 776 1118 adversantur
799 1076 985 1118 strenui
992 1093 1008 1124 ;
1041 1075 1317 1133 quibusdam
1351 1080 1504 1119 tamen
1539 1078 1605 1120 ita
1633 1077 1697 1119 al·

118 1147 356 1188 trinsecus
381 1147 503 1188 inest
530 1147 859 1201 temperantia,
888 1149 937 1188 ut
963 1145 1177 1188 nonnulli
1200 1143 1350 1200 (immo
1377 1140 1515 1203 nulli)
1546 1148 1701 1190 omnia

113 1215 319 1272 pessima
355 1214 593 1258 obtineant
628 1213 804 1271 absque
829 1214 923 1258 ullo
951 1213 1086 1269 bon0,
1124 1215 1339 1258 nonnulli
1360 1217 1513 1259 omnia
1538 1227 1699 1260 neces·

114 1286 249 1328 saria
276 1280 499 1342 (expectes
522 1284 643 1328 nulli
665 1285 818 1328 omnia
847 1279 984 1342 bona)
1013 1285 1116 1328 sine
1140 1284 1235 1328 ullo
1260 1285 1400 1330 malo.

852 1415 953 1468 948

282 1502 422 1572 εῧξει
450 1508 698 1562 τοιοῦτον
730 1502 910 1578 ἄνδρα
941 1523 1025 1561 σοι
1055 1506 1406 1578 παρεσταναι.

217 1601 327 1648 Plat.
354 1602 496 1663 Epist.
524 1604 549 1648 1
579 1618 622 1662 p
650 1604 748 1650 309
771 1604 824 1647 D:
863 1600 950 1647 καί
971 1617 1051 1663 μοι
1078 1592 1130 1647 τὸ
1165 1617 1250 1648 του
1234 1597 1544 1662 Εὐριπίδου
1579 1618 1703 1649 κατα

112 1660 287 1728 καιρὸν
324 1667 453 1716 ἔστιν
469 1667 657 1747 εἰπεῖν,
691 1663 764 1716 ότι
790 1667 865 1716 σοὶ
902 1665 1199 1732 πραγμάτων
1234 1665 1398 1718 ἄλλων
1433 1668 1547 1718 ποτὲ
1583 1673 1698 1733 ξυμ-

112 1734 358 1786 πεσόντων
394 1732 527 1797 εύξε
531 1757 548 1785 ι
574 1767 640 1774 -
666 1735 994 1801 παρεστάναι’
1071 1744 1114 1787 ἱη
1150 1743 1296 1788 verbis
1330 1744 1556 1802 prioribus
1600 1758 1697 1788 ver-

112 1827 212 1858 sum
246 1806 330 1855 καὶ
364 1802 700 1870 ξυμπεσόντων
731 1805 1029 1872 πραγμάτων
1062 1803 1222 1858 ἄλλων
1260 1808 1374 1857 ποτέ
1409 1814 1547 1859 latere
1594 1827 1699 1859 con-

113 1883 218 1927 iecit
245 1882 441 1927 Grotius.

859 1975 962 2028 949

819 2064 1109 2138 Δήμητρος
1139 2063 1331 2138 λάτριν

215 2160 497 2207 Philodemus
531 2156 643 2220 περὶ
679 2151 925 2221 εὐσεβείας
960 2164 1004 2208 in
1032 2164 1283 2223 Gomperzii
1310 2163 1426 2208 libro
1453 2163 1699 2207 Her-hula-

110 2231 276 2276 niscke
304 2231 496 2277 Studien
533 2231 641 2278 fasc.
681 2232 710 2276 2
755 2247 798 2292 p.
836 2231 901 2277 42
940 2231 1131 2290 (Hercul.
1160 2232 1257 2276 Vol.
1297 2232 1399 2278 coll.
1437 2231 1513 2276 alt.
1547 2232 1580 2275 11
1618 2231 1696 2276 fol.

111 2297 228 2361 91):
268 2295 490 2360 λέγουσιν
527 2296 576 2344 δέ
611 2315 737 2355 τινες
761 2327 831 2334 —
856 2296 938 2345 καὶ
966 2293 1055 2359 τὴν
1085 2292 1296 2360 Εκοίτην
1324 2291 1511 2346 ὀπαδὸν
1540 2289 1694 2356 Ἀρτέ-

109 2366 268 2450 μιδος·Γ
275 2361 429 2430 εἶναι,
460 2364 719 2428 Δήμητρος
748 2365 798 2416 δὲ
824 2363 992 2427 λα’τριν
1019 2361 1309 2431 Εὐριπίδης,
1330 2363 1546 2430 Όμηρος
1574 2364 1617 2413 ὁ’
1648 2365 1699 2414 ἐν

111 2440 210 2494 τοῖς
235 2453 408 2500 υμνοις
433 2432 678 2499 πρόπολον
704 2435 787 2484 καὶ
815 2430 1021 2486 ὀπάονα.

856 2575 958 2627 950

275 2670 355 2729 τίς
387 2660 439 2720 δ’
474 2668 585 2720 ἔστι
618 2665 814 2730 δοῦλος
845 2668 942 2720 τοῦ
972 2674 1173 2721 θανεῖν
1202 2662 1463 2738 ἄφροντις
1496 2688 1601 2733 ων;

213 2760 329 2806 Plut.
357 2761 469 2808 Mor.
507 2777 550 2839 p.
579 2761 715 2808 348:
751 2755 835 2805 καὶ
870 2753 1021 2805 πάλιν
1055 2760 1142 2807 τοῦ
1172 2752 1442 2837 Εὐριπίδου
1476 2757 1698 2820 λέγοντος

108 2824 211 2884 *τίς
244 2855 311 2862 ——
349 2821 475 2886 o’2'v3’
510 2821 846 2876 ὑπακουστέον
881 2823 955 2875 ότι
989 2826 1071 2875 καὶ
1107 2827 1220 2891 περὶ
1264 2822 1418 2876 πόνου
1459 2826 1543 2875 καὶ
1585 2826 1694 2888 περὶ

108 2889 257 2945 νόσου
291 2889 350 2944 τοὶ
375 2889 498 2946 αὐτὰ
530 2897 740 2962 εἴρηκεν.
791 2901 980 2947 eundem
1005 2915 1182 2948 versum
1222 2901 1414 2947 afferunt
1440 2901 1555 2948 I‘lut.
1585 2902 1696 2947 Mor.
