2077 3139
306 155 413 208 230
981 152 1212 201 ΦΡΙΞοΣ

310 289 466 345 λιπών
511 290 776 360 Ἀγήνορος
817 299 935 354 παῖς
976 303 1136 346 ΑΙΣΧ.
1193 293 1437 375 ληκύθιον
1487 289 1750 350 ἀπώλεσεν.
1822 302 1899 349 ubi

310 368 614 419 801101ετοῦ
651 364 877 426 δευτέρου
915 367 1102 431 Φρίξου
1137 358 1413 432 Ευριπίδου
1447 359 1479 429 ἡ
1516 359 1655 430 ἆρχή.
1715 373 1901 418 Tzetzes

310 441 465 486 eodem
491 441 545 485 de
570 440 672 484 loco
699 440 810 485 haec
836 448 1022 486 annotat
1059 441 1194 499 (edita
1218 439 1271 485 ab
1298 441 1349 489 H
1378 441 1521 486 Keilio
1548 442 1595 486 in
1622 441 1734 487 Mus.
1759 443 1897 488 Rhen.

309 511 368 556 N.
394 512 451 556 F.
480 510 532 554 VI
566 524 609 569 p.
640 510 737 556 616
767 524 835 570 sq.
849 545 863 568 ‚
897 512 1089 593 repetita
1116 513 1160 555 in
1197 511 1396 570 Append.
1425 511 1477 556 ad
1503 511 1607 556 Lex.
1635 511 1819 557 Vindob.
1853 527 1898 572 p.

310 576 456 639 5250):
493 570 738 623 Σιδώνιόν
773 569 879 623 ποτ’
924 573 1077 625 α’στυ·
1117 577 1344 639 δευτέρου
1374 577 1559 657 Φρίξου
1601 572 1743 625 τοῦτό
1774 595 1900 636 τινες

307 642 462 710 αρχὴν
488 641 615 693 εἶναι
642 645 846 727 λέγουσι.
874 642 1143 707 ψεύδονται
1171 645 1242 695 δέ·
1271 648 1356 694 τοῦ
1379 664 1473 712 γαρ
1500 641 1692 708 πρώτου
1715 647 1901 729 Φρίξου

308 713 452 764 τοῦτό
488 714 617 764 ε’στιν
651 709 789 779 ἀρχή.
843 715 1069 777 δευτέρου
1105 716 1156 767 δὲ
1185 717 1372 779 Φρίξου
1405 713 1547 795 ἀρχή
1567 716 1639 764 ‘el
1671 715 1760 780 μὲν
1795 711 1896 766 τόδ

307 805 439 850 ημαρ
465 815 535 822 -
560 782 912 835 ἕναυστόλουν’
952 790 1025 849 (fr.
1055 791 1185 848 818,
1224 791 1249 834 1
1280 798 1324 836 et
1351 792 1414 849 2).
1481 778 1576 834 κᾶν
1610 782 1756 836 οὐδὲν
1787 785 1899 836 τού·

307 876 405 905 των
429 857 525 904 τῶν
553 868 762 919 ψυχρων
797 853 973 904 ἐνθαδὶ
999 855 1294 920 τεθειμένων
1328 854 1618 935 ἐγίνωσκον,
1652 858 1722 916 τίς
1739 850 1779 936 ἡ
1816 853 1900 906 λύ-

307 946 399 990 μη;
434 917 531 974 κᾶν
558 926 603 974 εἰ
624 946 690 990 μη
725 927 930 988 τυχαίως
954 928 1302 991 προεσχεδίασα
1335 929 1509 982 ταῦτα,
1545 918 1738 976 ουδὲν
1714 946 1777 975 αν
1802 926 1900 1004 ε’γί-

307 1011 514 1059 νωσκον,
543 997 699 1044 καίτοι
726 991 897 1060 σχεδὸν
921 1017 979 1044 τα
1005 993 1149 1046 λοιπὰ
1174 997 1272 1046 τῶν
1298 993 1443 1075 λόγου
1467 990 1616 1056 ἀξίων
1640 994 1778 1055 εἰδώς
1802 991 1899 1046 ἀπὸ

309 1065 347 1130 (ε’
349 1066 402 1115 πὶ
432 1069 547 1129 cod.)
583 1063 832 1129 στόματος.
882 1066 997 1125 τέως
1030 1071 1170 1116 τοῦτο
1208 1060 1331 1131 ἆρχή
1363 1069 1450 1116 τοῦ
1483 1064 1679 1130 πρω’του
1717 1070 1901 1131 Φρίξου

307 1137 408 1185 εστί
431 1132 720 1185 εΣιδώνιόν
745 1167 810 1174 -
840 1133 1009 1201 κόροι’
1038 1142 1118 1199 (vs.
1148 1140 1315 1199 1—6).
1368 1157 1432 1187 vs.
1463 1143 1489 1187 1
1528 1141 1720 1187 afferunt
1743 1141 1899 1188 Lucia·

305 1226 392 1256 nus
418 1210 609 1256 Macrob.
639 1211 703 1258 23
741 1211 825 1257 vol.
854 1211 883 1257 3
920 1227 963 1271 p.
992 1211 1091 1258 226
1120 1220 1164 1257 et
1189 1211 1276 1257 Vit.
1305 1211 1337 1256 X
1366 1219 1476 1257 orat.
1505 1211 1549 1255 in
1575 1211 1693 1260 Plut.
1719 1212 1826 1257 Mor.
1853 1227 1899 1272 p.

307 1281 458 1327 837ss
496 1277 610 1341 (Vita
646 1281 784 1328 Isocr.
820 1283 865 1325 in
892 1282 1131 1327 Westerm.
1168 1282 1339 1340 Βιογρ.
1380 1296 1425 1341 p.
1454 1280 1577 1338 258,
1615 1279 1714 1342 49).
1776 1298 1839 1328 vs.
1867 1282 1897 1328 3

305 1351 439 1396 habet
464 1351 580 1396 Plut
606 1351 717 1396 Mor.
743 1367 787 1411 p.
817 1351 915 1398 607
936 1353 994 1410 Β,
1035 1351 1107 1397 ubi
1136 1346 1189 1396 ἐκ
1217 1341 1261 1395 δ’
1304 1341 1511 1408 ὁρίζεται
1544 1345 1683 1411 γένος
1715 1351 1896 1412 legitur.

305 1435 354 1464 vs
359 1421 548 1467 .6—9
586 1421 831 1466 afferuntur
866 1423 911 1466 in
947 1421 1095 1468 Schol.
1133 1422 1233 1467 Eur.
1272 1421 1435 1467 Phoen.
1475 1422 1528 1468 6:
1576 1414 1627 1464 ἐν
1662 1419 1784 1499 γοῦν
1829 1420 1897 1486 τῷ

309 1487 472 1554 Φρίξῳ
500 1487 693 1550 φησίνε
707 1502 829 1550 ησαν
852 1515 923 1523 —
948 1487 1029 1535 καὶ
1060 1485 1218 1546 Θοῖσος
1232 1492 1265 1538 ’.
1316 1506 1381 1536 xus
1410 1491 1440 1538 8
1475 1486 1671 1552 Φοῖνιξ]
1699 1480 1750 1536 θ
1778 1492 1898 1537 addit

305 1559 451 1606 xalck.
501 1576 565 1607 vs.
594 1561 622 1607 9
651 1556 734 1605 καὶ
758 1553 958 1620 Κάδμος
985 1561 1310 1607 Schneidewin.

1053 1695 1152 1747 817

409 1784 633 1829 Eratosth.
680 1783 844 1831 Catast.
894 1784 979 1829 14:
1015 1781 1229 1861 Ταῦρος.
1287 1783 1429 1838 οὗτος
1473 1779 1657 1845 λέγεται
1701 1778 1755 1830 ἐν
1797 1785 1897 1840 τοῖς

302 1844 496 1910 α’στροις
522 1851 674 1914 τεθηι
679 1870 728 1897 αι
765 1843 845 1897 δια
871 1843 922 1898 τὸ
949 1843 1205 1930 Ευρωπρην
1242 1844 1446 1914 αγαγεῖν
1472 1848 1524 1898 ἐκ
1554 1851 1796 1912 Φοινίκης
1829 1851 1896 1930 εἷς

304 1917 504 1982 Κρητην
541 1915 620 1967 διὰ
663 1921 753 1970 τοῦ
795 1915 1063 1984 πελάγους.
1114 1917 1176 1980 ὦς
1219 1917 1496 1984 Ευριπίδης
1539 1919 1692 1983 φησὶν
1734 1920 1785 1969 ἐν
1827 1922 1895 1989 τῷ

306 1991 493 2057 Φρίζω.
540 1995 699 2054 vain.
735 1994 862 2040 Poet.
899 1998 1017 2039 Astr.
1048 1995 1107 2053 2,
1146 1996 1208 2041 21
1247 2011 1289 2056 p.
1318 1995 1443 2041 469:
1479 1994 1685 2052 (Taurus)
1719 1996 1896 2041 ἀτοπίαν

300 2067 427 2109 inter
472 2070 608 2108 astra
648 2077 750 2109 esse
796 2068 1104 2122 constthutus
1158 2068 1284 2125 quod
1323 2066 1570 2123 Europam
1618 2067 1894 2111 incolumem

305 2137 628 2179 transvexerzt
659 2133 868 2191 Cretam,
910 2141 959 2179 ut
985 2136 1243 2193 Euripides
1267 2137 1397 2181 dreit.
1448 2135 1541 2180 loh
1569 2134 1710 2179 Malal.
1739 2149 1779 2194 p.
1809 2135 1892 2192 31,

304 2204 360 2249 6:
396 2197 443 2259 ἐξ
467 2201 525 2264 ῆς
548 2203 621 2280 e(ex
646 2203 838 2264 Europa)
875 2199 1007 2263 ἔσχεν
1033 2201 1141 2249 υἱον
1167 2197 1251 2249 τὸν
1280 2202 1457 2249 Μίνω.
1486 2194 1656 2258 καθως
1682 2199 1765 2248 καὶ
1792 2192 1890 2248 Ευ-

301 2269 498 2331 ριπίδης
539 2262 564 2317 ὁ
610 2268 891 2330 σοφώτατος
935 2272 1202 2332 ποιητικῶς
1246 2282 1615 2334 συνεγραψατο,
1660 2265 1713 2329 ὃς
1753 2270 1889 2333 φησί,

300 2335 423 2398 Ζευς
448 2338 773 2405 μεταβληθεὶς
799 2340 866 2399 εἰς
890 2342 1071 2403 ταῦρον
1097 2333 1187 2405 τὴν
1211 2335 1461 2402 Εὐρώπην
1485 2335 1721 2404 ἣρπασεν.

1047 2478 1148 2531 818

469 2572 519 2624 εἰ
539 2590 653 2672 μεν
673 2563 793 2623 τόδ’
827 2558 970 2639 ἦμαρ
1002 2590 1221 2637 πρωτον
1250 2559 1320 2638 ἦν
1350 2567 1668 2640 κακουμένω

430 2677 435 2683 ·
467 2652 557 2706 καὶ
587 2648 660 2722 μὴ
690 2650 905 2722 μακρὰν
938 2649 1004 2722 δὴ
1039 2649 1128 2707 δια
1159 2649 1345 2707 πόνων
1378 2648 1775 2721 ἐναυστόλουν,

468 2757 611 2799 εικος
642 2732 960 2835 ooeadagecv‚
971 2737 1042 2806 ἠν
1071 2759 1141 2791 αν
1172 2759 1244 2802 ως
1275 2733 1503 2805 νεόζυγα

467 2821 651 2874 πωλον
680 2815 905 2890 χαλινὸν
934 2816 1132 2888 αρτίως
1166 2819 1523 2890 δεδεγμένον

465 2906 570 2958 νῦν
603 2898 654 2957 δ’
688 2898 896 2975 ἆμβλύς
929 2907 1037 2975 εἰμι
1068 2904 1158 2958 καὶ
1188 2899 1534 2974 κατηρτυκὼς
1572 2905 1770 2957 κακῶν.
1855 2915 1886 2958 5
