2077 3139
656 153 1027 194 FABVLARVM
1046 153 1271 196 FRAGM.
1472 152 1477 157 ’
1655 149 1759 203 275

279 294 394 340 Plut.
437 294 546 340 Mor.
585 309 626 354 p.
658 294 755 376 965
789 295 844 340 E:
882 285 981 339 εἶτα
1015 283 1124 338 κατ’
1159 284 1442 354 Εὐριπίδην
1476 283 1501 338 ὁ
1544 296 1628 352 τῆς
1675 286 1756 339 τύ-

169 378 255 423 χης
290 365 404 418 παῖς
438 364 612 424 κλῆρος
650 358 727 407 ἐπὶ
764 356 917 428 τούτῳ
956 360 1117 425 ταγείς
1152 379 1209 408 τα
1245 379 1316 425 χε
1275 365 1444 408 ςοσαῐα
1478 377 1596 422 προε
1603 375 1757 439 ισαγει

171 430 336 478 δίκαια
373 431 471 478 τῶν
509 427 709 480 ἐναλων.
757 434 872 479 Plut.
901 434 1006 479 Mor.
1046 450 1088 494 p.
1127 433 1301 480 6440:
1337 426 1639 493 παυσώμεθα
1673 450 1757 488 τας

170 500 372 562 Μοίρας
405 495 718 562 ἀτιμάζοντες
754 499 835 547 καὶ
863 495 947 547 τὸν
982 519 1066 562 της
1090 494 1235 563 τύχης
1262 500 1412 548 παῖδα
1438 502 1651 563 κλῆρον,
1694 493 1757 557 ὡς

162 565 430 633 Ευριπίδης
465 570 630 632 φησίν.
694 573 826 633 vulgo
861 573 1038 632 integer
1074 588 1226 618 versus
1272 563 1296 618 ὃ
1331 589 1413 634 της
1455 566 1600 633 τύχης
1642 574 1758 628 παῖς

168 641 347 702 κληρος
373 637 450 687 ἐπὶ
477 633 632 706 τούτῳ
660 640 818 703 ταγείς
845 643 1045 703 Eur1pidi
1076 643 1307 688 tribuitur:
1343 652 1388 689 at
1414 636 1588 704 ἐτᾶγην
1614 643 1757 688 forma

167 713 222 757 ab
250 715 496 759 Atticorum
525 727 609 758 usu
636 712 778 758 aliena
806 720 887 757 est.

912 804 1015 856 980

337 900 501 965 φίλης
531 891 569 949 τ’
607 890 824 964 ὀπώρας
857 893 1152 966 διπτύχους
1182 885 1311 966 ἦρός
1340 892 1379 950 τ’
1417 902 1569 959 ἴσους

270 991 388 1036 Plut.
417 991 528 1036 Mor.
555 1005 598 1050 p.
630 991 837 1037 1028F:
873 988 915 1035 εἰ
940 987 990 1036 δὲ
1015 981 1178 1049 ὀρθῶς
1205 980 1230 1035 ὃ
1258 979 1527 1051 Εὐριπίδης
1555 986 1755 1050 διορίζε-

165 1075 243 1106 ται
270 1056 452 1120 θέρους
477 1057 704 1137 τέσσαρας
729 1076 886 1120 μηνας
913 1056 994 1105 καὶ
1022 1058 1257 1121 χειμῶνος
1284 1057 1446 1118 ἴσους,
1487 1059 1662 1119 φίλης
1687 1084 1756 1093 --

167 1126 329 1185 i'oovg’
335 1166 348 1189 ‚
376 1125 427 1175 ἐν
453 1128 522 1194 τῷ
551 1120 631 1175 ὂια
656 1129 825 1176 πασῶν
851 1128 908 1174 αἱ
931 1130 1053 1191 ώραι
1081 1123 1480 1191 μεταβάλλουσιν

916 1265 1014 1317 981

334 1351 448 1421 ἄλλ’
482 1360 612 1425 ἔστι,
647 1363 734 1411 κεῖ
759 1378 838 1420 τις
871 1357 1062 1428 ἐγγελᾷ
1092 1353 1254 1430 λόγῳ,

334 1438 473 1503 Ζεὺς
503 1441 593 1494 καὶ
623 1440 748 1495 θεοὶ
779 1437 998 1510 βρότεια
1029 1437 1349 1504 λεύσσοντες
1380 1435 1547 1509 παθη.

270 1535 385 1580 Plut.
413 1536 522 1581 Mor.
551 1551 594 1617 p.
626 1535 760 1582 1040
781 1538 834 1580 B:
872 1531 1183 1596 (Chrysippus)
1211 1529 1405 1580 ἐπαινεῖ
1423 1528 1571 1580 παλιν
1600 1529 1649 1579 ἐν
1675 1526 1755 1578 ἄλ-

167 1605 267 1659 λοις
292 1600 374 1648 καὶ
402 1602 692 1666 προφέρεται
719 1602 776 1649 τα
801 1603 886 1650 τοῦ
893 1599 1180 1678 Εὐριπίδου
1207 1600 1344 1650 ταυτὶ
1364 1598 1599 1659 πολλακις
1627 1593 1752 1648 ἀλλ’

170 1701 231 1708 -
260 1669 448 1733 πάθηζ
498 1691 562 1721 vs.
594 1678 619 1721 1
650 1670 754 1735 ἐγγε
735 1675 818 1721 ελᾶ
845 1663 989 1739 τωιιῷ
1016 1668 1144 1738 λόγῳ
1171 1676 1455 1721 smibendum
1481 1676 1666 1720 videtur.

914 1810 1015 1862 982

335 1896 642 1971 ἀμφίπολος
661 1896 846 1970 ’Ἄρεος
878 1897 1102 1972 ἀνιέρου

272 1996 386 2041 Plut.
422 1998 574 2070 Comp.
613 1997 802 2041 Demetr.
839 2003 883 2040 et
916 1998 1078 2042 Anton.
1118 2011 1154 2043 c.
1191 1997 1243 2043 2·
1290 1992 1521 2055 κοιμίζων
1558 1990 1610 2041 δὲ
1644 1985 1754 2051 τοὺς

169 2057 375 2121 θιασους
401 2061 482 2110 καὶ
510 2082 567 2109 τα
591 2063 740 2125 βακχε
745 2067 796 2109 ῑα
822 2081 1118 2111 καταπαυων
1144 2056 1417 2127 ἀμφίπολος
1434 2061 1599 2128 ’Ἀρεος
1624 2055 1752 2112 ανιέ·

170 2149 257 2196 ρου
281 2151 402 2180 κατα
426 2126 508 2180 τὸν
522 2129 853 2198 Εὐριπίδην’
833 2132 959 2197 εγένε
942 2151 1016 2181 το
1043 2132 1340 2196 (Demetrius).

917 2271 1017 2323 983

337 2367 516 2430 φίλων
546 2366 737 2431 λαβεῖν
766 2358 871 2431 γὰρ
903 2375 1100 2433 πεῖραν
1130 2357 1196 2416 οὐ
1230 2359 1458 2435 σμικρὸν
1488 2361 1669 2417 κακόν.

273 2457 392 2503 Plut.
420 2457 466 2502 V.
493 2457 617 2502 Fabii
644 2473 680 2503 c.
711 2459 798 2504 17:
836 2458 893 2502 ου
920 2451 1074 2516 μόνον
1099 2448 1139 2502 δ’
1180 2440 1244 2516 ἦν
1269 2449 1365 2514 ἄρα
1391 2447 1444 2503 τὸ
1471 2456 1628 2516 φίλων
1653 2474 1754 2503 πει-

171 2541 263 2584 ραν
289 2524 483 2586 λαβεῖν,
523 2543 592 2581 ως
618 2517 894 2587 Eipmldvyg
919 2528 1092 2604 φησίν
1121 2520 1179 2573 οὗ
1205 2520 1412 2587 σμικρὸν
1438 2522 1609 2588 κακόν,
1635 2519 1755 2574 αλλα

171 2592 254 2640 καὶ
298 2587 352 2642 τὸ
396 2595 648 2655 φρονίμων
690 2595 987 2659 στρατηγῶν.
1052 2599 1107 2643 cf.
1144 2599 1472 2645 Philen1.Com.
1508 2599 1540 2644 4
1585 2615 1627 2660 p.
1665 2600 1752 2646 31:

172 2659 313 2727 εὔχου
341 2657 406 2727 μὴ
433 2665 601 2727 λαβεῖν
626 2668 801 2728 πεῖραν
828 2666 995 2726 φίλων.

921 2803 1024 2856 984

340 2897 390 2948 εἰ
420 2893 479 2948 δὲ
508 2902 709 2950 θανεῖν
737 2894 916 2966 θέμις,
949 2884 1056 2949 οἶδε
1086 2903 1284 2951 θανεῖν
1315 2891 1503 2965 καλόν,

1339 2989 1421 3028 18*
