2077 3139
292 133 391 184 112
995 129 1172 177 ΙΞΙΩΝ

289 277 446 323 Suidas
471 293 510 321 v.
542 268 850 336 Δημητριος,
889 290 978 336 quo
1017 283 1200 321 auctore
1226 274 1435 320 Demetrii
1463 273 1768 334 Adramytteni
1806 287 1886 320 co-

289 361 484 408 gnomen
523 360 573 392 ex
599 347 848 423 Euripidea
888 347 970 391 hac
1004 345 1154 390 labula
1189 344 1394 390 nonnulli
1433 344 1720 390 derivandum
1754 352 1884 404 puta-

288 426 420 463 lunt:
464 407 743 477 Δημητριος
768 407 794 461 ὁ
821 411 1025 473 ἐπίκλην
1045 407 1224 472 Ἰξίων,
1233 403 1584 494 γραμματικὸς
1616 403 1884 472 Ἀδραμυτ-

288 478 437 546 τηνός
475 513 537 520 -
573 481 826 546 ἐπεκλήθη
863 481 914 531 δὲ
950 483 1092 530 τοῦτο
1126 510 1199 518 -
1231 476 1306 530 ὅτι
1339 475 1641 542 ἆπεσυλησεν
1676 475 1883 540 Εὐριπί-

290 555 421 602 δειον
457 551 715 617 φιλότιμον
751 547 805 601 τὸ
843 552 1002 615 ὅραμα
1046 551 1170 614 ἔχων
1205 546 1293 600 τὸν
1331 545 1519 611 Ἰξίονα
1590 568 1703 614 quae
1747 554 1886 598 refert

289 630 411 687 Diog.
438 628 488 674 L.
516 628 574 687 9,
603 628 692 675 55:
728 621 849 686 φησὶ
878 621 930 671 δὲ
959 619 1230 684 Φιλόχορος
1267 619 1496 678 πλέοντος
1532 616 1689 668 αὐτοῦ
1715 623 1886 681 (Prota-

289 712 445 759 goram
481 694 604 759 dicit)
643 692 690 752 ἐς
727 695 962 742 Σικελίαν
996 688 1086 755 τὴν
1121 698 1248 739 ναῦν
1283 690 1767 751 καταποντισθῆναι,
1803 688 1883 737 καὶ

288 766 429 813 τοῦτο
456 764 760 812 αἰνίττεσθαι
787 757 1067 826 Εὐριπίδην
1094 760 1144 809 ἓν
1175 754 1358 824 Ιξίον,
1318 781 1334 808 ι
1396 765 1505 810 nihil
1539 779 1621 810 nos
1647 763 1886 810 morabun-

289 845 382 897 tur,
409 838 464 884 cf.
495 838 832 884 Chntoanast
861 837 1088 883 1-1e11.v01.
1120 836 1148 881 2
1177 851 1221 896 p.
1248 836 1365 882 365.

1043 985 1147 1037 428

460 1075 813 1148 Φλεγύαντος
843 1077 948 1147 υἱέ,
983 1072 1192 1131 δεσποί
1223 1072 1439 1141 Ἰξίων.
1476 1120 1486 1129 .

394 1173 542 1220 Schol.
569 1174 716 1234 Apoll.
746 1174 883 1219 Rhod.
913 1174 972 1231 3,
1001 1173 1093 1220 62.
1135 1172 1266 1231 (ms)
1271 1163 1362 1215 ύου
1389 1164 1440 1215 δὲ
1475 1159 1582 1224 υἱὸς
1602 1157 1786 1226 Ιξίων,
1826 1157 1888 1224 ὦς

289 1238 372 1288 καὶ
399 1241 675 1303 Ευριπίὸης
712 1243 844 1288 «me
825 1235 1056 1304 εγύαντος
1081 1269 1150 1275 -
1179 1232 1374 1298 Ιξίων’.
1427 1241 1645 1286 Choerob.
1676 1243 1720 1284 in
1745 1239 1888 1285 Theo·-

289 1317 384 1360 ‹los.
422 1330 474 1388 p.
497 1315 623 1372 119.
662 1314 727 1361 26
771 1313 953 1372 (Anecd.
989 1313 1122 1359 Bekk.
1163 1327 1205 1372 p.
1237 1305 1412 1372 1185):
1454 1307 1760 1387 σημειοῦται
1774 1304 1825 1354 δὲ
1858 1302 1886 1354 ὁ

290 1374 507 1443 τεχνικὸς
542 1400 653 1429 τινα
687 1375 1145 1459 περιττοσυλλαβως
1179 1376 1416 1426 κλιθέντα
1448 1406 1517 1413 ——
1546 1371 1718 1438 Ἀφίας
1749 1368 1886 1438 Ἀφί-

290 1470 432 1568 ανέος
467 1446 585 1515 παρ’
616 1447 935 1515 Εὐφορίωνι,
977 1445 1203 1514 Φλεγύας
1237 1442 1546 1513 Φλεγύαντος
1573 1439 1690 1510 παρ’
1730 1439 1886 1509 Εὐρι-

290 1541 342 1570 ’τι
381 1541 423 1589 ῃ.

1043 1615 1148 1667 429

460 1705 607 1773 ὅστις
638 1706 743 1779 γὰρ
776 1705 959 1763 ἀστῶν
990 1709 1156 1761 πλέον
1189 1711 1272 1776 ἑχε
1252 1729 1334 1761 ειν
1364 1699 1560 1775 πέφυκ’
1595 1700 1752 1773 ἀνήρ,

461 1790 630 1848 οὐδὲν
661 1806 862 1862 φρονεῖ
888 1796 1105 1846 δίκαιον
1134 1788 1266 1845 οὐδὲ
1297 1787 1552 1859 βούλεται

458 1882 638 1946 φίλοις
669 1873 707 1930 τ’
745 1873 966 1947 αμικτός
1001 1877 1110 1931 ἐστι
1142 1897 1231 1928 και
1263 1893 1408 1946 παση
1441 1870 1610 1927 πόλει.

396 1973 521 2019 Stob.
549 1974 667 2018 F.lor
698 1974 787 2029 10
828 1974 872 2018 7.
926 1987 988 2017 v.s
1019 1974 1044 2017 1
1083 1980 1126 2017 et
1163 1971 1191 2017 3
1231 1967 1810 2027 habetStob.F10r.22,
1839 1966 1885 2013 2.

294 2059 357 2090 vs·
386 2044 414 2090 3
443 2045 496 2089 cs.
526 2044 788 2088 Theodorus
814 2042 1002 2087 Metoeh.
1030 2057 1071 2102 p.
1102 2041 1218 2088 558.

1030 2189 1158 2242 430³

458 2281 524 2338 τά
555 2306 634 2338 τοι
665 2283 890 2352 μέγιστα
922 2276 1078 2336 πάντ’
1113 2276 1472 2350 ἀπείργασται
1503 2284 1716 2348 βροτοῖς

457 2365 602 2438 τόλμ’
642 2364 779 2422 ὥστε
810 2368 996 2421 νικᾶν·
1031 2361 1157 2419 οὔτε
1188 2361 1291 2433 γαρ
1323 2366 1648 2432 τυραννίδες

459 2452 621 2522 χωρὶς
653 2449 827 2505 πόνου
858 2445 1086 2520 γένοιντ’
1121 2444 1188 2504 ἂν
1220 2443 1326 2502 οὔτ’
1360 2447 1505 2511 οἶκος
1536 2448 1715 2516 μέγας.

397 2547 522 2593 Stob.
551 2548 670 2592 Flor.
701 2548 784 2605 51,
815 2549 892 2592 11.

1024 2667 1154 2718 430¹>

396 2757 548 2803 Schol.
578 2758 683 2802 Eur.
711 2758 785 2804 Or.
815 2757 901 2802 73:
941 2753 993 2800 οἱ
1011 2751 1062 2801 δὲ
1088 2756 1187 2810 τοῖς
1215 2749 1400 2832 ἐναγέσι
1429 2753 1656 2812 προσφθε
1637 2742 1886 2828 cyydnwoc

291 2818 430 2871 αὐτοὶ
468 2824 671 2872 δοκοῦσι
708 2823 1020 2887 μιαίνεσθαι,
1060 2842 1122 2880 ως
1159 2821 1242 2870 καὶ
1277 2820 1328 2869 ἐν
1349 2813 1503 2883 Ηρακ
1511 2821 1586 2867 λεῑ
1614 2837 1693 2866 και
1728 2809 1887 2879 Ιξίονι

294 2894 345 2942 ὁε
336 2893 546 2945 ’ὁεικται.

2032 0 2055 127 ..μ-..Ἀ
