<?xml version="1.0" encoding="UTF-8"?>
<!DOCTYPE html PUBLIC "-//W3C//DTD XHTML 1.0 Transitional//EN"
    "http://www.w3.org/TR/xhtml1/DTD/xhtml1-transitional.dtd">
<html xmlns="http://www.w3.org/1999/xhtml" xml:lang="en" lang="en">
 <head>
  <title>
</title>
<meta http-equiv="Content-Type" content="text/html;charset=utf-8" />
  <meta name='ocr-system' content='tesseract 3.04.00' />
  <meta name='ocr-capabilities' content='ocr_page ocr_carea ocr_par ocr_line ocrx_word'/>
</head>
<body>
  <div class='ocr_page' id='page_1' title='image "./euripidistragoe03euriuoft_0245.png"; bbox 0 0 2077 3139; ppageno 0'>
   <div class='ocr_carea' id='block_1_1' title="bbox 0 1248 7 2361">
    <p class='ocr_par' dir='ltr' id='par_1_1' title="bbox 0 1248 7 2361">
     <span class='ocr_line' id='line_1_1' title="bbox 0 1248 7 2361; baseline 0 0"><span class='ocrx_word' id='word_1_1' title='bbox 0 1248 7 2361; x_wconf 95' lang='lat' dir='ltr'><em> </em></span> 
     </span>
    </p>
   </div>
   <div class='ocr_carea' id='block_1_2' title="bbox 174 460 346 513">
    <p class='ocr_par' dir='ltr' id='par_1_2' title="bbox 174 460 346 513">
     <span class='ocr_line' id='line_1_2' title="bbox 174 460 346 513; baseline -0.006 0"><span class='ocrx_word' id='word_1_2' title='bbox 174 471 303 513; x_wconf 70' lang='lat' dir='ltr'>xor.</span> <span class='ocrx_word' id='word_1_3' title='bbox 335 460 346 478; x_wconf 65' lang='lat'><strong><em>⁶</em></strong></span> 
     </span>
    </p>
   </div>
   <div class='ocr_carea' id='block_1_3' title="bbox 181 1973 319 2015">
    <p class='ocr_par' dir='ltr' id='par_1_3' title="bbox 181 1973 319 2015">
     <span class='ocr_line' id='line_1_3' title="bbox 181 1973 319 2015; baseline -0.007 -1"><span class='ocrx_word' id='word_1_4' title='bbox 181 1973 319 2015; x_wconf 79' lang='lat' dir='ltr'><strong>MEP.</strong></span> 
     </span>
    </p>
   </div>
   <div class='ocr_carea' id='block_1_4' title="bbox 190 2889 325 2931">
    <p class='ocr_par' dir='ltr' id='par_1_4' title="bbox 190 2889 325 2931">
     <span class='ocr_line' id='line_1_4' title="bbox 190 2889 325 2931; baseline 0 -1"><span class='ocrx_word' id='word_1_5' title='bbox 190 2889 325 2931; x_wconf 88' lang='grc' dir='ltr'><em>ΘΕΡ</em></span> 
     </span>
    </p>
   </div>
   <div class='ocr_carea' id='block_1_5' title="bbox 839 137 1750 189">
    <p class='ocr_par' dir='ltr' id='par_1_5' title="bbox 839 137 1750 189">
     <span class='ocr_line' id='line_1_5' title="bbox 839 137 1750 189; baseline 0.001 -1"><span class='ocrx_word' id='word_1_6' title='bbox 839 145 1092 189; x_wconf 67' lang='grc' dir='ltr'><strong>ΦΑΕΘΩΝ</strong></span> <span class='ocrx_word' id='word_1_7' title='bbox 1504 161 1506 163; x_wconf 94' lang='grc'>-</span> <span class='ocrx_word' id='word_1_8' title='bbox 1646 137 1750 189; x_wconf 85' lang='grc'><em>213</em></span> 
     </span>
    </p>
   </div>
   <div class='ocr_carea' id='block_1_6' title="bbox 337 280 1766 2451">
    <p class='ocr_par' dir='ltr' id='par_1_6' title="bbox 337 280 1749 445">
     <span class='ocr_line' id='line_1_6' title="bbox 337 280 1749 357; baseline -0.008 -7"><span class='ocrx_word' id='word_1_9' title='bbox 337 294 427 350; x_wconf 76' lang='grc' dir='ltr'><em>καὶ</em></span> <span class='ocrx_word' id='word_1_10' title='bbox 456 289 628 350; x_wconf 86' lang='grc' dir='ltr'><em>τόνδ’·</em></span> <span class='ocrx_word' id='word_1_11' title='bbox 652 288 931 347; x_wconf 86' lang='grc' dir='ltr'><em>Ἀπόλλων</em></span> <span class='ocrx_word' id='word_1_12' title='bbox 958 285 1010 343; x_wconf 88' lang='grc' dir='ltr'><em>δ’</em></span> <span class='ocrx_word' id='word_1_13' title='bbox 1044 291 1103 343; x_wconf 82' lang='grc' dir='ltr'><em>ἐν</em></span> <span class='ocrx_word' id='word_1_14' title='bbox 1127 292 1340 357; x_wconf 79' lang='grc' dir='ltr'><em>βροτοῖς</em></span> <span class='ocrx_word' id='word_1_15' title='bbox 1365 280 1548 357; x_wconf 76' lang='grc' dir='ltr'><em>ὀρθῶς</em></span> <span class='ocrx_word' id='word_1_16' title='bbox 1577 290 1749 352; x_wconf 83' lang='grc' dir='ltr'><em>καλεῖ,</em></span> 
     </span>
     <span class='ocr_line' id='line_1_7' title="bbox 339 368 1556 445; baseline -0.008 -12"><span class='ocrx_word' id='word_1_17' title='bbox 339 377 478 442; x_wconf 76' lang='grc' dir='ltr'><em>ὅστις</em></span> <span class='ocrx_word' id='word_1_18' title='bbox 507 376 572 432; x_wconf 75' lang='grc' dir='ltr'><em>τὰ</em></span> <span class='ocrx_word' id='word_1_19' title='bbox 601 369 822 445; x_wconf 75' lang='grc' dir='ltr'><em>σιγῶντ’</em></span> <span class='ocrx_word' id='word_1_20' title='bbox 855 369 1077 443; x_wconf 80' lang='grc' dir='ltr'><strong><em>ὀνόματ’</em></strong></span> <span class='ocrx_word' id='word_1_21' title='bbox 1115 370 1232 426; x_wconf 79' lang='grc' dir='ltr'><em>οἶδε</em></span> <span class='ocrx_word' id='word_1_22' title='bbox 1266 368 1556 441; x_wconf 76' lang='grc' dir='ltr'><em>δαιμόνων.</em></span> 
     </span>
    </p>

    <p class='ocr_par' dir='ltr' id='par_1_7' title="bbox 349 456 1610 532">
     <span class='ocr_line' id='line_1_8' title="bbox 349 456 1610 532; baseline -0.009 -15"><span class='ocrx_word' id='word_1_23' title='bbox 349 459 498 532; x_wconf 77' lang='grc' dir='ltr'><em>Τμήν</em></span> <span class='ocrx_word' id='word_1_24' title='bbox 519 458 608 529; x_wconf 60' lang='lat' dir='ltr'><em>‘Ty</em></span> <span class='ocrx_word' id='word_1_25' title='bbox 619 456 711 528; x_wconf 82' lang='grc' dir='ltr'><em>ήν,</em></span> <span class='ocrx_word' id='word_1_26' title='bbox 1499 472 1610 522; x_wconf 89' lang='grc' dir='ltr'><em>στρ.</em></span> 
     </span>
    </p>

    <p class='ocr_par' dir='ltr' id='par_1_8' title="bbox 337 536 1753 697">
     <span class='ocr_line' id='line_1_9' title="bbox 337 536 1753 610; baseline -0.008 -11"><span class='ocrx_word' id='word_1_27' title='bbox 337 544 436 599; x_wconf 80' lang='grc' dir='ltr'><em>τὰν</em></span> <span class='ocrx_word' id='word_1_28' title='bbox 465 542 601 606; x_wconf 85' lang='grc' dir='ltr'><em>Διὸς</em></span> <span class='ocrx_word' id='word_1_29' title='bbox 632 539 897 610; x_wconf 81' lang='grc' dir='ltr'><em>οὐρανίαν</em></span> <span class='ocrx_word' id='word_1_30' title='bbox 926 536 1184 610; x_wconf 77' lang='grc' dir='ltr'><em>ἆείδομεν</em></span> <span class='ocrx_word' id='word_1_31' title='bbox 1701 547 1753 588; x_wconf 84' lang='lat'><em>15</em></span> 
     </span>
     <span class='ocr_line' id='line_1_10' title="bbox 337 620 1446 697; baseline -0.008 -14"><span class='ocrx_word' id='word_1_32' title='bbox 337 626 436 682; x_wconf 81' lang='grc' dir='ltr'><em>τάν</em></span> <span class='ocrx_word' id='word_1_33' title='bbox 459 624 707 697; x_wconf 77' lang='grc' dir='ltr'><em>Ἐρώτων</em></span> <span class='ocrx_word' id='word_1_34' title='bbox 736 622 992 692; x_wconf 75' lang='grc' dir='ltr'><em>πότνιαν,</em></span> <span class='ocrx_word' id='word_1_35' title='bbox 1023 620 1122 678; x_wconf 78' lang='grc' dir='ltr'><em>τάν</em></span> <span class='ocrx_word' id='word_1_36' title='bbox 1151 622 1446 693; x_wconf 76' lang='grc' dir='ltr'><em>παρθένοις</em></span> 
     </span>
    </p>

    <p class='ocr_par' dir='ltr' id='par_1_9' title="bbox 339 705 972 782">
     <span class='ocr_line' id='line_1_11' title="bbox 339 705 972 782; baseline -0.011 -15"><span class='ocrx_word' id='word_1_37' title='bbox 339 708 605 782; x_wconf 80' lang='grc' dir='ltr'><em>γαμήλιον</em></span> <span class='ocrx_word' id='word_1_38' title='bbox 631 705 972 778; x_wconf 81' lang='grc' dir='ltr'><em>Ἀφροδίταν.</em></span> 
     </span>
    </p>

    <p class='ocr_par' dir='ltr' id='par_1_10' title="bbox 340 784 1475 863">
     <span class='ocr_line' id='line_1_12' title="bbox 340 784 1475 863; baseline -0.008 -13"><span class='ocrx_word' id='word_1_39' title='bbox 340 793 551 863; x_wconf 75' lang='grc' dir='ltr'><em>πόντια,</em></span> <span class='ocrx_word' id='word_1_40' title='bbox 583 793 669 847; x_wconf 85' lang='grc' dir='ltr'><em>σοὶ</em></span> <span class='ocrx_word' id='word_1_41' title='bbox 698 786 822 846; x_wconf 78' lang='grc' dir='ltr'><em>τάδ’</em></span> <span class='ocrx_word' id='word_1_42' title='bbox 857 789 959 860; x_wconf 76' lang='grc' dir='ltr'><em>ἐγὼ</em></span> <span class='ocrx_word' id='word_1_43' title='bbox 989 784 1220 860; x_wconf 81' lang='grc' dir='ltr'><em>νυμφεῖ’</em></span> <span class='ocrx_word' id='word_1_44' title='bbox 1251 785 1475 858; x_wconf 80' lang='grc' dir='ltr'><em>ὀφείλω,</em></span> 
     </span>
    </p>

    <p class='ocr_par' dir='ltr' id='par_1_11' title="bbox 339 877 1018 946">
     <span class='ocr_line' id='line_1_13' title="bbox 339 877 1018 946; baseline -0.009 -13"><span class='ocrx_word' id='word_1_45' title='bbox 339 877 524 946; x_wconf 85' lang='grc' dir='ltr'><em>Κύπρι</em></span> <span class='ocrx_word' id='word_1_46' title='bbox 552 879 703 931; x_wconf 77' lang='grc' dir='ltr'><em>θεῶν</em></span> <span class='ocrx_word' id='word_1_47' title='bbox 733 879 1018 942; x_wconf 84' lang='grc' dir='ltr'><em>καλλίστα,</em></span> 
     </span>
    </p>

    <p class='ocr_par' dir='ltr' id='par_1_12' title="bbox 339 959 1758 1119">
     <span class='ocr_line' id='line_1_14' title="bbox 339 959 1758 1036; baseline -0.008 -19"><span class='ocrx_word' id='word_1_48' title='bbox 339 964 414 1036; x_wconf 73' lang='grc' dir='ltr'><em>τῷ</em></span> <span class='ocrx_word' id='word_1_49' title='bbox 442 984 497 1016; x_wconf 88' lang='grc' dir='ltr'><em>τε</em></span> <span class='ocrx_word' id='word_1_50' title='bbox 528 959 739 1028; x_wconf 76' lang='grc' dir='ltr'><em>νεόζυγι</em></span> <span class='ocrx_word' id='word_1_51' title='bbox 776 960 854 1032; x_wconf 77' lang='grc' dir='ltr'><em>σςᾶ</em></span> <span class='ocrx_word' id='word_1_52' title='bbox 1701 965 1758 1007; x_wconf 83' lang='grc'><em>20</em></span> 
     </span>
     <span class='ocr_line' id='line_1_15' title="bbox 340 1039 1235 1119; baseline -0.007 -19"><span class='ocrx_word' id='word_1_53' title='bbox 340 1043 522 1119; x_wconf 78' lang='grc' dir='ltr'><em>πώλῳ,</em></span> <span class='ocrx_word' id='word_1_54' title='bbox 553 1042 647 1098; x_wconf 84' lang='grc' dir='ltr'><em>τὸν</em></span> <span class='ocrx_word' id='word_1_55' title='bbox 681 1045 739 1097; x_wconf 83' lang='grc' dir='ltr'><em>ἐν</em></span> <span class='ocrx_word' id='word_1_56' title='bbox 770 1042 952 1112; x_wconf 81' lang='grc' dir='ltr'><em>αἰθέρι</em></span> <span class='ocrx_word' id='word_1_57' title='bbox 982 1039 1235 1111; x_wconf 78' lang='grc' dir='ltr'><em>κρύπτεις</em></span> 
     </span>
    </p>

    <p class='ocr_par' dir='ltr' id='par_1_13' title="bbox 341 1125 933 1197">
     <span class='ocr_line' id='line_1_16' title="bbox 341 1125 933 1197; baseline -0.007 -14"><span class='ocrx_word' id='word_1_58' title='bbox 341 1132 454 1183; x_wconf 82' lang='grc' dir='ltr'><em>σῶν</em></span> <span class='ocrx_word' id='word_1_59' title='bbox 484 1125 674 1197; x_wconf 77' lang='grc' dir='ltr'><em>γάμων</em></span> <span class='ocrx_word' id='word_1_60' title='bbox 703 1127 933 1195; x_wconf 76' lang='grc' dir='ltr'><em>γένναν·</em></span> 
     </span>
    </p>

    <p class='ocr_par' dir='ltr' id='par_1_14' title="bbox 341 1199 1757 1533">
     <span class='ocr_line' id='line_1_17' title="bbox 342 1199 1617 1282; baseline -0.006 -16"><span class='ocrx_word' id='word_1_61' title='bbox 342 1207 377 1266; x_wconf 69' lang='grc' dir='ltr'><em>οἳ</em></span> <span class='ocrx_word' id='word_1_62' title='bbox 404 1210 498 1266; x_wconf 86' lang='grc' dir='ltr'><em>τὸν</em></span> <span class='ocrx_word' id='word_1_63' title='bbox 527 1211 699 1282; x_wconf 83' lang='grc' dir='ltr'><em>μέγαν</em></span> <span class='ocrx_word' id='word_1_64' title='bbox 1502 1199 1617 1259; x_wconf 73' lang='grc' dir='ltr'><em>ἆντ.</em></span> 
     </span>
     <span class='ocr_line' id='line_1_18' title="bbox 341 1287 1357 1362; baseline -0.006 -12"><span class='ocrx_word' id='word_1_65' title='bbox 341 1299 506 1350; x_wconf 81' lang='grc' dir='ltr'><em>τᾶσδε</em></span> <span class='ocrx_word' id='word_1_66' title='bbox 537 1292 744 1357; x_wconf 88' lang='grc' dir='ltr'><em>πόλεως</em></span> <span class='ocrx_word' id='word_1_67' title='bbox 774 1293 972 1362; x_wconf 79' lang='grc' dir='ltr'><em>βασιλῆ</em></span> <span class='ocrx_word' id='word_1_68' title='bbox 1003 1287 1357 1361; x_wconf 79' lang='grc' dir='ltr'><em>νυμφεύεται,</em></span> 
     </span>
     <span class='ocr_line' id='line_1_19' title="bbox 342 1374 1757 1450; baseline -0.004 -18"><span class='ocrx_word' id='word_1_69' title='bbox 342 1377 760 1450; x_wconf 79' lang='grc' dir='ltr'><em>ἂστερωποισιν</em></span> <span class='ocrx_word' id='word_1_70' title='bbox 771 1374 1014 1446; x_wconf 82' lang='grc' dir='ltr'><em>δόμοισιν</em></span> <span class='ocrx_word' id='word_1_71' title='bbox 1042 1375 1289 1446; x_wconf 81' lang='grc' dir='ltr'><em>χρυσέοις</em></span> <span class='ocrx_word' id='word_1_72' title='bbox 1703 1385 1757 1427; x_wconf 84' lang='grc'><em>25</em></span> 
     </span>
     <span class='ocr_line' id='line_1_20' title="bbox 341 1456 1053 1533; baseline -0.009 -15"><span class='ocrx_word' id='word_1_73' title='bbox 341 1459 527 1533; x_wconf 74' lang='grc' dir='ltr'><em>ἀρχόν,</em></span> <span class='ocrx_word' id='word_1_74' title='bbox 557 1466 722 1533; x_wconf 80' lang='grc' dir='ltr'><em>φίλον</em></span> <span class='ocrx_word' id='word_1_75' title='bbox 746 1456 1053 1531; x_wconf 81' lang='grc' dir='ltr'><em>Ἀφροδίτᾳ.</em></span> 
     </span>
    </p>

    <p class='ocr_par' dir='ltr' id='par_1_15' title="bbox 345 1535 1548 1617">
     <span class='ocr_line' id='line_1_21' title="bbox 345 1535 1548 1617; baseline -0.004 -17"><span class='ocrx_word' id='word_1_76' title='bbox 345 1549 386 1600; x_wconf 79' lang='grc' dir='ltr'><strong><em>ὠ</em></strong></span> <span class='ocrx_word' id='word_1_77' title='bbox 417 1544 623 1617; x_wconf 72' lang='grc' dir='ltr'><em>μάκαρ,</em></span> <span class='ocrx_word' id='word_1_78' title='bbox 659 1544 699 1599; x_wconf 80' lang='grc' dir='ltr'><em>ὠ</em></span> <span class='ocrx_word' id='word_1_79' title='bbox 730 1545 994 1613; x_wconf 85' lang='grc' dir='ltr'><em>βασιλέως</em></span> <span class='ocrx_word' id='word_1_80' title='bbox 1025 1547 1221 1612; x_wconf 79' lang='grc' dir='ltr'><em>μείζων</em></span> <span class='ocrx_word' id='word_1_81' title='bbox 1252 1535 1329 1595; x_wconf 72' lang='grc' dir='ltr'><em>εἶ”τ</em></span> <span class='ocrx_word' id='word_1_82' title='bbox 1362 1536 1548 1609; x_wconf 86' lang='grc' dir='ltr'><em>όλβος</em></span> 
     </span>
    </p>

    <p class='ocr_par' dir='ltr' id='par_1_16' title="bbox 344 1625 889 1697">
     <span class='ocr_line' id='line_1_22' title="bbox 344 1625 889 1697; baseline -0.007 -12"><span class='ocrx_word' id='word_1_83' title='bbox 344 1653 403 1694; x_wconf 88' lang='grc' dir='ltr'><em>ος</em></span> <span class='ocrx_word' id='word_1_84' title='bbox 433 1628 573 1685; x_wconf 79' lang='grc' dir='ltr'><em>θεὰν</em></span> <span class='ocrx_word' id='word_1_85' title='bbox 603 1625 889 1697; x_wconf 77' lang='grc' dir='ltr'><em>κηδεύσεις</em></span> 
     </span>
    </p>

    <p class='ocr_par' dir='ltr' id='par_1_17' title="bbox 345 1708 954 1782">
     <span class='ocr_line' id='line_1_23' title="bbox 345 1708 954 1782; baseline -0.007 -14"><span class='ocrx_word' id='word_1_86' title='bbox 345 1715 436 1768; x_wconf 86' lang='grc' dir='ltr'><em>καὶ</em></span> <span class='ocrx_word' id='word_1_87' title='bbox 465 1710 628 1782; x_wconf 82' lang='grc' dir='ltr'><em>μόνος</em></span> <span class='ocrx_word' id='word_1_88' title='bbox 658 1708 954 1774; x_wconf 75' lang='grc' dir='ltr'><em>ἀθανάτοις</em></span> 
     </span>
    </p>

    <p class='ocr_par' dir='ltr' id='par_1_18' title="bbox 345 1791 1763 1950">
     <span class='ocr_line' id='line_1_24' title="bbox 345 1791 1763 1867; baseline -0.005 -16"><span class='ocrx_word' id='word_1_89' title='bbox 345 1794 588 1867; x_wconf 75' lang='grc' dir='ltr'><em>γαμβρὸς</em></span> <span class='ocrx_word' id='word_1_90' title='bbox 622 1791 695 1850; x_wconf 83' lang='grc' dir='ltr'><em>δι’</em></span> <span class='ocrx_word' id='word_1_91' title='bbox 728 1792 991 1866; x_wconf 76' lang='grc' dir='ltr'><em>ἀπείρονα</em></span> <span class='ocrx_word' id='word_1_92' title='bbox 1021 1805 1185 1863; x_wconf 78' lang='grc' dir='ltr'><em>γαῖαν</em></span> <span class='ocrx_word' id='word_1_93' title='bbox 1677 1802 1763 1859; x_wconf 63' lang='grc' dir='ltr'><em>ι30</em></span> 
     </span>
     <span class='ocr_line' id='line_1_25' title="bbox 347 1876 822 1950; baseline -0.006 -15"><span class='ocrx_word' id='word_1_94' title='bbox 347 1877 548 1943; x_wconf 82' lang='grc' dir='ltr'><em>θνατὸς</em></span> <span class='ocrx_word' id='word_1_95' title='bbox 577 1876 822 1950; x_wconf 78' lang='grc' dir='ltr'><em>ὑμνήσει.</em></span> 
     </span>
    </p>

    <p class='ocr_par' dir='ltr' id='par_1_19' title="bbox 348 1956 1638 2117">
     <span class='ocr_line' id='line_1_26' title="bbox 353 1956 1638 2034; baseline -0.004 -16"><span class='ocrx_word' id='word_1_96' title='bbox 353 1961 514 2034; x_wconf 77' lang='grc' dir='ltr'><em>χώρει</em></span> <span class='ocrx_word' id='word_1_97' title='bbox 544 1960 612 2017; x_wconf 78' lang='grc' dir='ltr'>σύ</span> <span class='ocrx_word' id='word_1_98' title='bbox 643 1963 734 2016; x_wconf 83' lang='grc' dir='ltr'><em>καὶ</em></span> <span class='ocrx_word' id='word_1_99' title='bbox 764 1956 922 2016; x_wconf 82' lang='grc' dir='ltr'><em>τάσδ’</em></span> <span class='ocrx_word' id='word_1_100' title='bbox 958 1965 1034 2025; x_wconf 84' lang='grc' dir='ltr'><em>εἰς</em></span> <span class='ocrx_word' id='word_1_101' title='bbox 1066 1957 1266 2031; x_wconf 87' lang='grc' dir='ltr'><em>δόμους</em></span> <span class='ocrx_word' id='word_1_102' title='bbox 1295 1956 1446 2029; x_wconf 69' lang='grc' dir='ltr'><em>ἄγων</em></span> <span class='ocrx_word' id='word_1_103' title='bbox 1477 1957 1638 2028; x_wconf 82' lang='grc' dir='ltr'><em>κόρας</em></span> 
     </span>
     <span class='ocr_line' id='line_1_27' title="bbox 348 2041 1502 2117; baseline -0.006 -14"><span class='ocrx_word' id='word_1_104' title='bbox 348 2043 564 2116; x_wconf 79' lang='grc' dir='ltr'><em>γυναῖκ’</em></span> <span class='ocrx_word' id='word_1_105' title='bbox 599 2043 811 2117; x_wconf 76' lang='grc' dir='ltr'><em>ἄνωχθι</em></span> <span class='ocrx_word' id='word_1_106' title='bbox 840 2046 972 2100; x_wconf 74' lang='grc' dir='ltr'><em>πᾶσι</em></span> <span class='ocrx_word' id='word_1_107' title='bbox 1001 2057 1113 2108; x_wconf 84' lang='grc' dir='ltr'><em>τοῖς</em></span> <span class='ocrx_word' id='word_1_108' title='bbox 1145 2041 1279 2100; x_wconf 75' lang='grc' dir='ltr'><em>κατὰ</em></span> <span class='ocrx_word' id='word_1_109' title='bbox 1311 2043 1502 2113; x_wconf 80' lang='grc' dir='ltr'><em>στέγας</em></span> 
     </span>
    </p>

    <p class='ocr_par' dir='ltr' id='par_1_20' title="bbox 348 2124 1766 2369">
     <span class='ocr_line' id='line_1_28' title="bbox 348 2124 1560 2201; baseline -0.005 -15"><span class='ocrx_word' id='word_1_110' title='bbox 348 2140 500 2194; x_wconf 80' lang='grc' dir='ltr'><em>θεοῖς</em></span> <span class='ocrx_word' id='word_1_111' title='bbox 530 2134 786 2201; x_wconf 86' lang='grc' dir='ltr'><em>χορεῦσαι</em></span> <span class='ocrx_word' id='word_1_112' title='bbox 817 2131 907 2183; x_wconf 88' lang='grc' dir='ltr'><em>καὶ</em></span> <span class='ocrx_word' id='word_1_113' title='bbox 937 2125 1327 2183; x_wconf 77' lang='grc' dir='ltr'><em>κυκλώσασθαι</em></span> <span class='ocrx_word' id='word_1_114' title='bbox 1360 2124 1560 2196; x_wconf 88' lang='grc' dir='ltr'><em>δόμους</em></span> 
     </span>
     <span class='ocr_line' id='line_1_29' title="bbox 351 2207 1766 2284; baseline -0.003 -15"><span class='ocrx_word' id='word_1_115' title='bbox 351 2227 631 2284; x_wconf 81' lang='grc' dir='ltr'><em>σεμνοῖσιν</em></span> <span class='ocrx_word' id='word_1_116' title='bbox 659 2212 1019 2284; x_wconf 85' lang='grc' dir='ltr'><em>υμεναιόισιν,</em></span> <span class='ocrx_word' id='word_1_117' title='bbox 1043 2209 1253 2275; x_wconf 84' lang='grc' dir='ltr'><em>Ἑστίας</em></span> <span class='ocrx_word' id='word_1_118' title='bbox 1283 2207 1343 2265; x_wconf 80' lang='grc' dir='ltr'><em>θ’</em></span> <span class='ocrx_word' id='word_1_119' title='bbox 1380 2212 1520 2279; x_wconf 81' lang='grc' dir='ltr'><em>ἕδος,</em></span> <span class='ocrx_word' id='word_1_120' title='bbox 1708 2219 1766 2265; x_wconf 84' lang='grc'><em>35</em></span> 
     </span>
     <span class='ocr_line' id='line_1_30' title="bbox 351 2288 1510 2369; baseline -0.002 -19"><span class='ocrx_word' id='word_1_121' title='bbox 351 2293 450 2367; x_wconf 78' lang='grc' dir='ltr'><em>ἀφ’</em></span> <span class='ocrx_word' id='word_1_122' title='bbox 481 2288 545 2367; x_wconf 81' lang='grc' dir='ltr'><em>ἧς</em></span> <span class='ocrx_word' id='word_1_123' title='bbox 575 2319 635 2366; x_wconf 81' lang='grc' dir='ltr'><em>γε</em></span> <span class='ocrx_word' id='word_1_124' title='bbox 673 2294 911 2369; x_wconf 75' lang='grc' dir='ltr'><em>σώφρων</em></span> <span class='ocrx_word' id='word_1_125' title='bbox 941 2299 1045 2360; x_wconf 81' lang='grc' dir='ltr'><em>πᾶς</em></span> <span class='ocrx_word' id='word_1_126' title='bbox 1076 2294 1144 2349; x_wconf 76' lang='grc' dir='ltr'><em>ἂν</em></span> <span class='ocrx_word' id='word_1_127' title='bbox 1175 2291 1334 2365; x_wconf 78' lang='grc' dir='ltr'><em>ἆρχετ</em></span> <span class='ocrx_word' id='word_1_128' title='bbox 1379 2336 1397 2346; x_wconf 86' lang='grc'><em>.-</em></span> <span class='ocrx_word' id='word_1_129' title='bbox 1440 2340 1449 2347; x_wconf 97' lang='grc'><em>.</em></span> <span class='ocrx_word' id='word_1_130' title='bbox 1500 2339 1510 2348; x_wconf 95' lang='grc'><em>.</em></span> 
     </span>
    </p>

    <p class='ocr_par' dir='ltr' id='par_1_21' title="bbox 354 2402 670 2451">
     <span class='ocr_line' id='line_1_31' title="bbox 354 2402 670 2451; baseline -0.003 -16"><span class='ocrx_word' id='word_1_131' title='bbox 354 2403 514 2451; x_wconf 85' lang='grc' dir='ltr'><em>ευχας</em></span> <span class='ocrx_word' id='word_1_132' title='bbox 548 2402 586 2434; x_wconf 91' lang='grc' dir='ltr'><em>π</em></span> <span class='ocrx_word' id='word_1_133' title='bbox 660 2426 670 2434; x_wconf 92' lang='grc'><em>.</em></span> 
     </span>
    </p>
   </div>
   <div class='ocr_carea' id='block_1_7' title="bbox 354 2794 1583 2955">
    <p class='ocr_par' dir='ltr' id='par_1_22' title="bbox 354 2794 1583 2955">
     <span class='ocr_line' id='line_1_32' title="bbox 354 2794 1583 2868; baseline -0.005 -15"><span class='ocrx_word' id='word_1_134' title='bbox 354 2799 489 2862; x_wconf 86' lang='grc' dir='ltr'><em>θεας</em></span> <span class='ocrx_word' id='word_1_135' title='bbox 520 2804 850 2868; x_wconf 80' lang='grc' dir='ltr'><em>προσελθεῖν</em></span> <span class='ocrx_word' id='word_1_136' title='bbox 880 2796 1099 2866; x_wconf 84' lang='grc' dir='ltr'><em>τέμενος</em></span> <span class='ocrx_word' id='word_1_137' title='bbox 1126 2798 1177 2861; x_wconf 80' lang='grc' dir='ltr'><em>ἐξ,</em></span> <span class='ocrx_word' id='word_1_138' title='bbox 1210 2797 1353 2866; x_wconf 79' lang='grc' dir='ltr'><em>ε’μῶν</em></span> <span class='ocrx_word' id='word_1_139' title='bbox 1387 2794 1583 2863; x_wconf 78' lang='grc' dir='ltr'><em>δόμων.</em></span> 
     </span>
     <span class='ocr_line' id='line_1_33' title="bbox 358 2874 1563 2955; baseline -0.005 -19"><span class='ocrx_word' id='word_1_140' title='bbox 358 2881 398 2935; x_wconf 82' lang='grc' dir='ltr'><strong><em>ὠ</em></strong></span> <span class='ocrx_word' id='word_1_141' title='bbox 428 2903 620 2955; x_wconf 78' lang='grc' dir='ltr'><em>πατορ,</em></span> <span class='ocrx_word' id='word_1_142' title='bbox 652 2877 864 2952; x_wconf 76' lang='grc' dir='ltr'><em>ε”στρεψ</em></span> <span class='ocrx_word' id='word_1_143' title='bbox 903 2881 961 2934; x_wconf 84' lang='grc' dir='ltr'><em>ἐκ</em></span> <span class='ocrx_word' id='word_1_144' title='bbox 994 2877 1176 2951; x_wconf 87' lang='grc' dir='ltr'><em>δόμων</em></span> <span class='ocrx_word' id='word_1_145' title='bbox 1205 2877 1374 2950; x_wconf 77' lang='grc' dir='ltr'><em>ταχὺν</em></span> <span class='ocrx_word' id='word_1_146' title='bbox 1404 2874 1563 2933; x_wconf 90' lang='grc' dir='ltr'><em>πόδα.</em></span> 
     </span>
    </p>
   </div>
  </div>
 </body>
</html>
