2077 3139
753 108 1078 150 ΑΡΧΕΛΑΟΣ
1639 108 1702 158 61

863 245 963 297 257

290 338 471 399 δοκεῖς
501 332 566 389 τὰ
594 336 705 388 τῶν
735 337 889 388 θεῶν
919 331 1115 400 ξυνετά
1143 332 1390 405 νικήσειν
1420 335 1547 390 ποτὲ

291 420 380 472 καὶ
411 415 510 487 τὴν
543 421 704 486 δίκην
735 439 842 473 που
875 413 1032 488 μάκρ’
1065 414 1378 492 ἀπῳκίσθαι
1410 423 1650 490 βροτῶν·

288 496 323 570 ἢ
355 499 400 555 δ’
439 498 599 570 ἐγγύς
632 503 796 571 ἐστιν,
829 498 931 571 οὐχ
962 497 1214 572 ὁρωμένη
1249 498 1295 555 δ’
1328 500 1428 573 (3ρᾷ

287 580 352 638 ὃν
382 583 482 654 χρὴ
513 582 756 651 κολάζειν
785 582 823 639 τ’
860 583 1039 640 οἶδεν·
1072 583 1184 639 ἀλλ’
1222 580 1326 640 οὐκ
1356 584 1524 640 οἶσθα
1555 583 1624 639 σύ

287 661 491 723 ὁπόταν
521 665 679 737 ἄφνω
711 670 974 738 μολοῦσαι
1007 671 1227 740 διολέσῃ
1259 666 1475 733 κακούς.
1655 686 1680 725 5

226 761 350 811 Stob.
376 764 466 809 Ecl.
500 766 522 808 1
543 799 556 820 ,
584 763 640 821 3,
676 763 741 810 47
770 780 810 824 p.
843 765 941 811 130
979 765 1074 809 sine
1108 765 1277 810 lemm.:
1319 759 1506 818 εδοκεῖς
1534 789 1596 796 -
1624 781 1706 808 κα-

121 824 284 886 κούς’.
335 832 467 878 Orion
505 833 621 878 Flor.
649 833 705 889 5,
737 836 761 878 1
802 849 844 893 p.
875 834 991 891 255,
1021 835 1073 880 7:
1111 829 1162 878 ἐκ
1199 832 1286 878 τοῦ
1313 825 1571 893 Ἀρχελάου
1605 824 1705 880 Εὗ-

121 897 330 960 ριπίὸου.
383 899 571 957 τδοκεῖς
598 928 661 934 -
690 894 810 967 ὁρᾷ’
840 907 921 961 (vs.
953 901 1120 964 1—3).

867 1023 968 1075 258

287 1110 548 1182 μακάριος
577 1109 721 1176 ὅστις
752 1117 888 1168 νοῦν
921 1118 1060 1184 ἔχων
1089 1118 1215 1186 τιμᾷ
1244 1115 1383 1171 θεὸν

288 1197 378 1250 καὶ
409 1197 600 1266 κέρδος
632 1190 779 1269 αὐτῷ
811 1199 968 1251 τοῦτο
1001 1210 1233 1252 ποιεῖται
1265 1201 1415 1268 μέγα.

223 1291 358 1338 Orion
385 1292 502 1337 Flor.
531 1292 580 1350 3,
609 1292 637 1337 2
664 1307 707 1352 p.
737 1292 853 1350 253,
883 1293 927 1338 8.
985 1309 1046 1338 VS.
1079 1294 1105 1338 1
1132 1294 1237 1338 sort.
1266 1286 1416 1348 θεοὺς
1444 1296 1530 1354 leg.

863 1412 966 1465 259

287 1499 519 1565 πολλοὺς
554 1497 600 1556 δ’
632 1497 660 1556 ὁ
691 1499 868 1572 θυμὸς
900 1500 926 1556 ὁ
957 1503 1124 1573 μέγας
1157 1500 1362 1559 ὤλεσεν
1393 1509 1606 1573 βροτῶν

285 1581 320 1654 ἥ
350 1583 389 1639 τ’
426 1583 702 1655 ἀξυνεσία,
737 1586 835 1640 δύο
867 1585 1014 1641 κακω
1045 1598 1156 1652 τοῖς
1186 1588 1502 1659 χρωμένοις.

226 1681 351 1726 Stob.
382 1681 500 1727 Flor.
531 1681 613 1740 20,
644 1683 722 1727 11.

873 1775 977 1828 260

286 1867 361 1936 τῷ
392 1861 494 1933 γὰρ
526 1868 688 1937 βιαίῳ
720 1861 928 1938 κᾶγρίῳ
959 1862 1018 1920 τὸ
1049 1863 1337 1935 μαλθακὸν

290 1952 365 2011 εἰς
395 1943 594 2002 ταύτὸν
627 1948 792 2003 ἐλθὸν
821 1953 918 2003 τοῦ
949 1955 1074 2003 λίαν
1105 1956 1407 2021 παρείλετο.

225 2043 351 2088 stol).
378 2043 496 2088 Flor.
525 2043 608 2102 20,
637 2043 719 2091 25.

865 2137 965 2189 261

288 2219 427 2296 ὀργῇ
460 2224 519 2280 δὲ
549 2223 735 2298 φαύλῃ
767 2223 916 2281 πόλλ’
952 2224 1117 2282 ἔ’νεστ
1155 2225 1451 2299 ἀσχήμονα.

224 2320 500 2367 Stob.F10r.
548 2313 1088 2381 20,12;Εῑ’ριπίὸου
1123 2315 1258 2383 Ἀρχε
1265 2317 1377 2389 λα’ῳ.
1447 2314 1599 2387 εὀργῇ
1643 2350 1703 2357 -—

120 2380 387 2451 ἀσχήμονα.
453 2387 542 2446 ἔξω
585 2384 674 2451 γὰρ
718 2384 866 2452 ὀργῆς
906 2391 1002 2447 πᾶς
1043 2384 1169 2451 ἀνὴρ
1221 2374 1510 2455 σοφώτερος.
1574 2386 1716 2440 πόλλ’

121 2455 250 2505 ἐστὶν
275 2452 425 2521 ὀργῆς
461 2455 507 2517 ἐξ
531 2450 827 2506 ἀπαιδεύτου
861 2456 1034 2507 κακά’.
1092 2466 1147 2508 tri
1154 2479 1176 2509 a
1203 2464 1310 2510 haec
1335 2478 1434 2509 esse
1461 2465 1708 2525 fragmenta

120 2531 229 2575 vidit
256 2530 466 2587 Grotius;
503 2546 568 2576 vs.
599 2531 628 2576 2
656 2547 706 2576 ex
730 2532 832 2576 Eur.
861 2533 1046 2592 Hypsip.
1076 2533 1339 2593 desumptus
1375 2542 1444 2578 est
1470 2534 1541 2592 (sr.
1571 2534 1706 2590 760),

122 2615 183 2645 vs.
211 2600 240 2646 3
278 2602 428 2645 neseio
469 2601 595 2646 cuius
628 2609 799 2661 poetae.
854 2603 1059 2648 Archelai
1094 2617 1252 2649 versus
1288 2604 1480 2649 recurrit
1516 2606 1559 2648 in
1595 2604 1705 2648 Men.

123 2683 240 2715 mon.
278 2669 390 2716 687.

864 2749 967 2801 262

289 2834 476 2894 ἔπαυσ’
508 2835 774 2911 ὁδουρούς
805 2843 1085 2911 λυμεῶνας
