2077 3139
886 137 1230 180 PRAEFATIO
1805 155 1855 191 fx

377 280 509 324 Orion
536 278 653 327 Flor.
683 279 730 335 8,
759 279 787 324 7
814 294 857 338 p.
887 278 1004 337 262,
1035 280 1114 325 17.
1159 295 1224 326 vs.
1252 279 1283 326 3
1310 287 1354 325 et
1378 279 1410 325 4
1437 280 1568 326 habet
1593 280 1719 327 Stoh.
1738 280 1855 327 Flor.

273 347 357 405 87,
390 349 467 395 10.
519 345 607 410 [ΕΙ.
636 344 950 410 367-37Ο.]

1027 458 1103 507 IV

479 539 622 586 πενία
649 535 866 587 διδάσκει
892 531 936 587 δ’
967 533 1124 602 ἄνδρα
1148 541 1210 605 τῇ
1234 540 1369 607 χρείᾳ
1394 540 1566 591 κακόν.

374 623 501 672 Stoh.
528 625 643 671 Flor.
673 626 765 685 96,
801 625 846 672 2.
899 621 986 689 [El.
1016 622 1159 689 376]

1038 750 1087 799 V

481 822 539 878 οὗ
565 821 631 892 μὴ
658 823 944 894 φρονήσηθ’
975 831 1024 879 οἳ
1048 833 1207 882 κενῶν
1235 830 1545 896 δοξασμάτων

479 896 679 965 πλήρεις
703 903 975 962 πλανᾶσθε,
1003 902 1062 967 τῇ
1089 893 1132 949 ὃ
1163 895 1328 972 ὁμιλία
1337 897 1554 985 βροτοὺς

480 975 690 1031 κρινεῖτε
717 969 799 1018 καὶ
826 976 927 1029 τοῖς
951 969 1132 1050 ἤθεσιν
1157 990 1270 1031 τους
1299 969 1524 1037 εὐγενεῖς.

479 1040 532 1087 οἶ
547 1035 641 1126 γαρ
668 1041 844 1090 τοιοίδε
869 1037 954 1100 τὰς
981 1036 1146 1100 πόλεις
1171 1043 1390 1092 οἰκοῦσιν
1415 1039 1469 1092 εὖ

479 1109 562 1158 καὶ
590 1103 816 1173 δώμαθ’·
844 1111 901 1158 αἱ
922 1110 974 1160 δὲ
999 1107 1179 1193 σοῖρκες
1200 1113 1260 1160 αἱ
1278 1111 1415 1162 κεναὶ
1443 1114 1635 1176 βροτῶν

478 1171 717 1243 αγοῖλματ’
746 1175 926 1244 αγορᾶς
952 1181 1088 1229 εἰσιν.
1127 1174 1238 1231 οὐδὲ
1262 1201 1354 1247 γαρ
1383 1179 1503 1246 δόρυ

480 1251 666 1311 μᾶλλον
690 1252 903 1332 βραχίων
931 1246 1173 1311 σθεναρὸς
1199 1247 1443 1311 ἀσθενοῦς
1467 1251 1626 1317 μένει·

479 1317 530 1367 ἐν
555 1322 613 1387 τῇ
639 1316 784 1381 φύσει
812 1319 863 1369 δὲ
888 1322 1028 1369 τοῦτο
1055 1340 1149 1370 nav
1175 1316 1402 1389 εὐψυχία.

374 1405 498 1452 Stob.
527 1403 646 1452 Flor.
676 1407 759 1476 86,
785 1407 832 1452 4.
886 1402 973 1470 [El.
1002 1405 1311 1473 383—390.]

1033 1534 1108 1582 VI

481 1609 534 1659 ἐν
560 1616 660 1671 τοῖς
686 1611 925 1672 τοιούτοις
949 1607 1083 1675 ἡνίκ’
1113 1634 1176 1662 αν
1200 1612 1395 1680 γνώμης
1420 1615 1568 1681 πέσω,

989 1735 1078 1765 «1-1
1134 1753 1146 1772 Ἰ
1176 1755 1219 1803 ε,

486 1818 747 1870 ὁαπαναισι
773 1824 948 1871 σῶσαι·
975 1825 1058 1887 τῆς
1087 1818 1134 1871 δ’
1163 1785 1408 1912 έῖφημέρου
1434 1827 1583 1889 βορᾶς

482 1891 550 1951 εἰς
573 1886 748 1955 μικρὸν
772 1887 904 1956 ήκει·
930 1897 1025 1952 πᾶς
1048 1888 1154 1982 γάρ,
1169 1894 1462 1959 ἐμπλησθεὶς
1484 1891 1609 1959 ἀνὴρ

482 1955 507 2009 5
532 1957 759 2021 πλούσιός
783 1981 833 2011 τε
858 1962 940 2012 καὶ
964 1963 1112 2027 πένης
1139 1965 1246 2013 ι’σον
1272 1965 1387 2028 φέρε
1366 1987 1421 2015 ι.

374 2048 775 2107 stob.F101-.91‚
815 2051 860 2097 6.
911 2066 976 2097 vs.
1004 2052 1034 2099 3
1066 2061 1109 2098 et
1143 2053 1175 2097 4
1211 2051 1371 2111 φίλοις
1395 2079 1462 2088 ·—
1488 2051 1641 2099 σῶσαι
1677 2053 1859 2114 apponit

257 2120 386 2165 qut.
411 2119 525 2166 Mor.
552 2133 594 2178 p.
625 2119 689 2165 33
718 2119 760 2164 C.
815 2115 901 2182 [ΕΙ.
930 2119 1248 2186 426—431.]

1021 2262 1126 2310 VII

483 2335 556 2387 ἵν’
583 2332 608 2387 ὃ
635 2340 868 2402 φίλαυλος
893 2340 1065 2391 ἔπαλλε
1101 2343 1199 2392 δελ·

485 2406 569 2470 φὶς
593 2408 813 2478 πρῴραις
838 2410 1189 2476 κυανεμβόλοις

375 2496 611 2556 Aristoph.
649 2497 756 2543 Ran.
798 2499 930 2545 1317
969 2515 1037 2560 sq.
1115 2515 1213 2546 cum
1261 2501 1408 2549 Schol.
1447 2519 1487 2550 v.
1530 2503 1676 2550 1315.
1762 2498 1860 2566 [El-

272 2565 372 2612 435
408 2561 502 2628 sq.]

997 2639 1131 2688 VIII

484 2706 590 2764 ἄλλ’
619 2711 830 2798 εὐγενεῖς
855 2718 961 2781 μέν,
989 2717 1040 2766 ἐν
1068 2718 1120 2769 δὲ
1145 2716 1362 2790 κιβδηλῳ
1388 2719 1517 2771 τόδε

485 2785 654 2834 πολλοὶ
679 2806 770 2852 γαρ
798 2807 933 2847 οντες
958 2785 1168 2854 ευγενεῖς
1192 2791 1314 2840 εἰσὶν
1339 2796 1495 2842 κακοί.

377 2872 508 2919 Stob.
536 2871 655 2920 Flor.
683 2875 766 2935 87,
795 2876 840 2922 9.
891 2871 972 2940 [ΕΙ.
1000 2877 1101 2925 550
1126 2875 1219 2940 sq.]
