2077 3139
274 155 350 187 xn
855 101 859 105 ⁵
899 133 1246 177 PRAEFATm

1034 275 1115 323 IX

845 355 897 405 εἴ
915 376 962 405 τι
989 349 1049 419 δὴ
1075 354 1205 405 κάτω
1231 353 1437 444 χθονός·

482 429 560 489 εἴη
583 446 637 492 γε
663 425 740 490 μέ
728 444 828 475 ’τοι
852 426 1027 489 μηδέν’
1056 426 1101 474 εἰ
1121 422 1213 491 γάρ
1242 426 1410 489 ἕξομεν

482 494 626 547 κάκεῖ
646 499 881 562 μερίμνας
907 497 960 544 οἵ
978 493 1282 581 θανούμενοι
1308 499 1514 576 βροτῶν,

480 566 572 617 οὖν,
599 563 708 616 οἶδα
732 569 803 634 πῇ
828 586 900 626 τις
925 562 1254 629 τρέψεται·τὸ
1281 562 1373 632 γάρ
1400 573 1580 618 θανεῖν

482 636 650 687 κακῶν
676 635 901 701 μέγιστον
928 634 1197 699 φάρμακον
1220 639 1479 701 νομίζεται.

375 740 498 787 Stob.
525 740 643 786 Flor.
675 739 799 797 120,
827 739 873 786 6.
929 734 1123 801 [Heracl.
1153 736 1467 802 592—596.]

1040 863 1094 912 X

475 940 650 995 οὔτιιά
675 964 803 1010 φημι
829 946 961 993 θεῶν
986 941 1098 1009 ἄτερ
1127 941 1314 1011 ὄλβιον,
1343 939 1399 996 οὗ
1426 942 1745 1011 βαρύκοτμον

475 1014 632 1079 ἄνδρα
657 1019 905 1097 γενέσθαι.

474 1104 686 1154 μορσιμα
713 1081 757 1136 δ’
787 1081 895 1136 ου’τι
923 1090 1101 1149 φυγεῖν
1126 1086 1287 1149 θέμις,

475 1155 533 1206 οὐ
559 1157 710 1239 σοφία
735 1176 806 1216 τις
831 1149 1097 1205 απώσεται·

473 1223 593 1275 ἄλλα
618 1225 776 1291 μάταν
802 1223 827 1276 ὁ
856 1223 1114 1291 πρόθυμος
1139 1221 1214 1274 αεὶ
1241 1221 1393 1275 πόνον
1418 1224 1525 1286 εξει.

368 1329 492 1376 Stob.
523 1330 609 1376 Eel.
641 1331 688 1387 1,
716 1329 764 1387 5,
793 1329 892 1390 6p.
924 1328 1037 1374 168.
1092 1323 1284 1390 [Herael.
1315 1328 1413 1376 608
1441 1343 1508 1388 sq.
1538 1325 1854 1395 615—617.]

1015 1453 1098 1500 XI

471 1531 501 1584 ἆ
529 1529 573 1584 δ’
604 1529 749 1598 ἆρετᾶ
773 1536 935 1599 βαίνει
961 1527 1042 1582 δια
1068 1531 1286 1597 μόχθων.

364 1639 492 1685 Stob.
517 1639 636 1686 Flor.
667 1637 756 1694 29,
794 1636 840 1682 5.
900 1632 1096 1699 [Heracl.
1127 1633 1263 1697 625]

1007 1762 1116 1809 XII

467 1833 761 1896 συμπολίτης

362 1920 519 1966 Pollux
545 1920 593 1978 3,
621 1919 712 1964 51.
741 1906 765 1962 ὁ
793 1931 884 1977 γαρ
912 1917 1209 1976 συμπολίτης
1236 1905 1295 1961 οὗ
1321 1908 1545 1977 δόκιμον,
1572 1911 1617 1961 εἰ
1640 1911 1723 1961 καὶ
1749 1907 1848 1962 Εὐ-

257 1987 451 2050 ριπίδης
500 1979 636 2051 αυτῷ
695 1982 922 2047 κέχρηται
971 1981 1022 2030 ἐν
1067 1977 1432 2046 Ηρακλείὸαις
1451 2001 1501 2031 τε
1548 1981 1632 2030 καὶ
1685 1985 1849 2045 Θησεῖ.

258 2057 452 2126 [Heracl.
480 2054 624 2121 826]

465 2214 591 2271 τρεῖς
616 2207 738 2258 εἰσὶν
763 2201 947 2269 ἀρεταί,
973 2200 1057 2266 τὰς
1083 2201 1236 2271 χρεών
1260 2201 1305 2254 σ’
1335 2200 1521 2269 ἀσκεῖν,
1547 2206 1737 2270 τέκνον,

462 2277 612 2338 θεούς
637 2297 686 2327 τε
712 2280 858 2341 τιμᾶν
883 2273 995 2335 τούς
1021 2295 1069 2325 τε
1095 2276 1384 2340 θρέψαντας
1408 2279 1560 2340 γονῆς

463 2349 645 2410 νόμους
669 2367 717 2397 τε
744 2344 946 2408 κοινοὺς
964 2343 1219 2406 Ἑλλάδος·
1248 2345 1332 2395 καὶ
1357 2351 1506 2395 ταῦτα
1532 2347 1662 2410 ὁρῶν

461 2417 720 2467 κάλλιστον
748 2417 866 2479 ἕξεις
893 2418 1132 2481 στέφανον
1159 2411 1378 2476 εὐκλείας
1403 2410 1490 2467 ἀεί.

355 2520 480 2568 Stoh.
512 2521 626 2567 Flor.
659 2522 714 2579 1,
750 2520 796 2567 8.
849 2516 973 2582 [Eur.
1004 2520 1056 2564 sr.
1086 2513 1221 2581 ⁶219]

983 2659 1113 2706 XIV

353 2747 427 2791 Ar.
462 2745 540 2805 Eq.
576 2744 702 2790 214:
738 2758 938 2802 ταραττε
970 2738 1054 2788 καὶ
1088 2732 1280 2801 χόρδευ’
1323 2731 1447 2801 ὁμοῦ
1480 2757 1539 2785 τα
1562 2731 1838 2816 πράγματα.

251 2813 325 2860 ubi
353 2814 526 2860 Schola
564 2807 826 2876 παρῴδησε
861 2829 953 2873 γαρ
979 2806 1064 2858 τὸν
1100 2809 1280 2873 ἴαμβον
1306 2806 1354 2869 ἐξ
1381 2802 1710 2871 Ηρακλειδῶν
1736 2799 1837 2853 Εὖ-

250 2881 460 2945 ριπίὸου.
513 2879 641 2947 [Eur.
670 2885 723 2930 sr.
754 2879 897 2946 847]
