<?xml version="1.0" encoding="UTF-8"?>
<!DOCTYPE html PUBLIC "-//W3C//DTD XHTML 1.0 Transitional//EN"
    "http://www.w3.org/TR/xhtml1/DTD/xhtml1-transitional.dtd">
<html xmlns="http://www.w3.org/1999/xhtml" xml:lang="en" lang="en">
 <head>
  <title>
</title>
<meta http-equiv="Content-Type" content="text/html;charset=utf-8" />
  <meta name='ocr-system' content='tesseract 3.04.00' />
  <meta name='ocr-capabilities' content='ocr_page ocr_carea ocr_par ocr_line ocrx_word'/>
</head>
<body>
  <div class='ocr_page' id='page_1' title='image "./euripidistragoe03euriuoft_0223.png"; bbox 0 0 2077 3139; ppageno 0'>
   <div class='ocr_carea' id='block_1_1' title="bbox 0 0 100 3139">
    <p class='ocr_par' dir='ltr' id='par_1_1' title="bbox 0 0 100 3139">
     <span class='ocr_line' id='line_1_1' title="bbox 0 0 100 3139; baseline 0 0"><span class='ocrx_word' id='word_1_1' title='bbox 0 0 100 3139; x_wconf 95' lang='lat' dir='ltr'><strong><em> </em></strong></span> 
     </span>
    </p>
   </div>
   <div class='ocr_carea' id='block_1_2' title="bbox 822 117 1761 171">
    <p class='ocr_par' dir='ltr' id='par_1_2' title="bbox 822 117 1761 171">
     <span class='ocr_line' id='line_1_2' title="bbox 822 117 1761 171; baseline 0.013 -12"><span class='ocrx_word' id='word_1_2' title='bbox 822 117 1122 160; x_wconf 84' lang='grc' dir='ltr'><strong><em>ΤΗΛΕΦΟΣ</em></strong></span> <span class='ocrx_word' id='word_1_3' title='bbox 1665 118 1761 171; x_wconf 84' lang='grc'><strong><em>191</em></strong></span> 
     </span>
    </p>
   </div>
   <div class='ocr_carea' id='block_1_3' title="bbox 175 254 1762 655">
    <p class='ocr_par' dir='ltr' id='par_1_3' title="bbox 347 254 1569 333">
     <span class='ocr_line' id='line_1_3' title="bbox 347 254 1569 333; baseline 0.005 -18"><span class='ocrx_word' id='word_1_4' title='bbox 347 254 440 316; x_wconf 80' lang='grc' dir='ltr'><strong><em>εἴτ’</em></strong></span> <span class='ocrx_word' id='word_1_5' title='bbox 474 260 586 316; x_wconf 82' lang='grc' dir='ltr'><strong><em>ἐστὶ</em></strong></span> <span class='ocrx_word' id='word_1_6' title='bbox 618 259 814 326; x_wconf 84' lang='grc' dir='ltr'><em>Μυσὸς</em></span> <span class='ocrx_word' id='word_1_7' title='bbox 847 268 954 317; x_wconf 79' lang='grc' dir='ltr'><strong><em>εἴτε</em></strong></span> <span class='ocrx_word' id='word_1_8' title='bbox 986 257 1259 317; x_wconf 71' lang='grc' dir='ltr'><strong><em>κᾶλλοθέν</em></strong></span> <span class='ocrx_word' id='word_1_9' title='bbox 1289 271 1484 333; x_wconf 82' lang='grc' dir='ltr'><strong><em>ποθεν,</em></strong></span> <span class='ocrx_word' id='word_1_10' title='bbox 1568 307 1569 310; x_wconf 23' lang='lat'>¹</span> 
     </span>
    </p>

    <p class='ocr_par' dir='ltr' id='par_1_4' title="bbox 175 341 1762 655">
     <span class='ocr_line' id='line_1_4' title="bbox 349 341 1552 417; baseline 0.004 -19"><span class='ocrx_word' id='word_1_11' title='bbox 349 342 429 415; x_wconf 85' lang='grc' dir='ltr'><strong><em>[ἐκ</em></strong></span> <span class='ocrx_word' id='word_1_12' title='bbox 459 342 574 416; x_wconf 82' lang='grc' dir='ltr'><strong><em>τοῦ]</em></strong></span> <span class='ocrx_word' id='word_1_13' title='bbox 610 341 908 415; x_wconf 72' lang='grc' dir='ltr'><strong><em>προσώπου</em></strong></span> <span class='ocrx_word' id='word_1_14' title='bbox 947 342 1191 417; x_wconf 80' lang='grc' dir='ltr'><em>Τήλεφος</em></span> <span class='ocrx_word' id='word_1_15' title='bbox 1222 352 1552 417; x_wconf 19' lang='grc' dir='ltr'><strong><em>γνωριᾛζεται</em></strong></span> 
     </span>
     <span class='ocr_line' id='line_1_5' title="bbox 280 449 1760 520; baseline 0.003 -21"><span class='ocrx_word' id='word_1_16' title='bbox 280 454 390 500; x_wconf 87' lang='lat' dir='ltr'>Plat.</span> <span class='ocrx_word' id='word_1_17' title='bbox 427 453 560 514; x_wconf 83' lang='lat' dir='ltr'>Gorg.</span> <span class='ocrx_word' id='word_1_18' title='bbox 597 469 638 514; x_wconf 88' lang='lat' dir='ltr'><strong><em>p.</em></strong></span> <span class='ocrx_word' id='word_1_19' title='bbox 676 453 773 500; x_wconf 82' lang='lat'><strong><em>521</em></strong></span> <span class='ocrx_word' id='word_1_20' title='bbox 806 455 859 500; x_wconf 87' lang='lat' dir='ltr'><strong><em>B:</em></strong></span> <span class='ocrx_word' id='word_1_21' title='bbox 896 449 949 498; x_wconf 84' lang='grc' dir='ltr'><strong><em>εἴ</em></strong></span> <span class='ocrx_word' id='word_1_22' title='bbox 975 464 1051 499; x_wconf 90' lang='grc' dir='ltr'><strong><em>σοι</em></strong></span> <span class='ocrx_word' id='word_1_23' title='bbox 1087 449 1273 500; x_wconf 87' lang='grc' dir='ltr'><strong><em>Μυσόν</em></strong></span> <span class='ocrx_word' id='word_1_24' title='bbox 1306 470 1360 516; x_wconf 86' lang='grc' dir='ltr'><strong><em>γε</em></strong></span> <span class='ocrx_word' id='word_1_25' title='bbox 1393 449 1539 514; x_wconf 76' lang='grc' dir='ltr'><strong><em>ἣδιον</em></strong></span> <span class='ocrx_word' id='word_1_26' title='bbox 1574 458 1760 520; x_wconf 82' lang='grc' dir='ltr'><em>καλεῖν,</em></span> 
     </span>
     <span class='ocr_line' id='line_1_6' title="bbox 178 520 1762 603; baseline 0.004 -34"><span class='ocrx_word' id='word_1_27' title='bbox 178 538 218 569; x_wconf 86' lang='grc' dir='ltr'><strong><em>ω</em></strong></span> <span class='ocrx_word' id='word_1_28' title='bbox 261 520 535 583; x_wconf 78' lang='grc' dir='ltr'><strong><em>Σώκρατες.</em></strong></span> <span class='ocrx_word' id='word_1_29' title='bbox 603 523 679 569; x_wconf 82' lang='lat' dir='ltr'><strong><em>ubi</em></strong></span> <span class='ocrx_word' id='word_1_30' title='bbox 725 524 1068 603; x_wconf 78' lang='lat' dir='ltr'>olympiodorus</span> <span class='ocrx_word' id='word_1_31' title='bbox 1118 526 1162 569; x_wconf 88' lang='lat' dir='ltr'><strong><em>in</em></strong></span> <span class='ocrx_word' id='word_1_32' title='bbox 1206 526 1383 572; x_wconf 76' lang='lat' dir='ltr'><strong><em>Archiv</em></strong></span> <span class='ocrx_word' id='word_1_33' title='bbox 1417 527 1458 587; x_wconf 80' lang='lat' dir='ltr'><strong><em>f.</em></strong></span> <span class='ocrx_word' id='word_1_34' title='bbox 1500 528 1668 575; x_wconf 38' lang='lat' dir='ltr'><strong><em>Pkffllol</em></strong></span> <span class='ocrx_word' id='word_1_35' title='bbox 1714 543 1762 576; x_wconf 84' lang='lat' dir='ltr'><strong><em>u.</em></strong></span> 
     </span>
     <span class='ocr_line' id='line_1_7' title="bbox 175 584 1762 655; baseline 0.001 -15"><span class='ocrx_word' id='word_1_36' title='bbox 175 593 360 653; x_wconf 67' lang='grc' dir='ltr'><strong><em>Ρᾶᾱαρ.</em></strong></span> <span class='ocrx_word' id='word_1_37' title='bbox 389 593 473 639; x_wconf 90' lang='lat' dir='ltr'>vol.</span> <span class='ocrx_word' id='word_1_38' title='bbox 502 593 591 638; x_wconf 84' lang='lat' dir='ltr'><strong><em>xlv</em></strong></span> <span class='ocrx_word' id='word_1_39' title='bbox 617 608 660 653; x_wconf 94' lang='lat' dir='ltr'><strong><em>p.</em></strong></span> <span class='ocrx_word' id='word_1_40' title='bbox 690 593 815 640; x_wconf 78' lang='lat'><strong>527:</strong></span> <span class='ocrx_word' id='word_1_41' title='bbox 853 584 886 652; x_wconf 79' lang='grc' dir='ltr'>ἡ</span> <span class='ocrx_word' id='word_1_42' title='bbox 920 591 1156 655; x_wconf 78' lang='grc' dir='ltr'><em>παροιμία</em></span> <span class='ocrx_word' id='word_1_43' title='bbox 1181 587 1304 655; x_wconf 78' lang='grc' dir='ltr'><strong><em>αὕτη</em></strong></span> <span class='ocrx_word' id='word_1_44' title='bbox 1338 589 1391 640; x_wconf 80' lang='grc' dir='ltr'><strong><em>ἐκ</em></strong></span> <span class='ocrx_word' id='word_1_45' title='bbox 1424 594 1510 641; x_wconf 84' lang='grc' dir='ltr'><strong><em>τοῦ</em></strong></span> <span class='ocrx_word' id='word_1_46' title='bbox 1539 593 1762 655; x_wconf 80' lang='grc' dir='ltr'><strong><em>Τηλέφου</em></strong></span> 
     </span>
    </p>
   </div>
   <div class='ocr_carea' id='block_1_4' title="bbox 175 654 1764 812">
    <p class='ocr_par' dir='ltr' id='par_1_5' title="bbox 175 654 1764 797">
     <span class='ocr_line' id='line_1_8' title="bbox 178 654 1764 727; baseline 0.004 -21"><span class='ocrx_word' id='word_1_47' title='bbox 178 657 309 707; x_wconf 78' lang='grc' dir='ltr'><strong><em>ἐστὶν</em></strong></span> <span class='ocrx_word' id='word_1_48' title='bbox 346 654 639 725; x_wconf 76' lang='grc' dir='ltr'><strong><em>Εὐριπίδου.</em></strong></span> <span class='ocrx_word' id='word_1_49' title='bbox 702 657 808 707; x_wconf 83' lang='grc' dir='ltr'><strong><em>ἐκεῖ</em></strong></span> <span class='ocrx_word' id='word_1_50' title='bbox 833 678 927 724; x_wconf 88' lang='grc' dir='ltr'><strong><em>γαρ</em></strong></span> <span class='ocrx_word' id='word_1_51' title='bbox 970 658 1125 727; x_wconf 74' lang='grc' dir='ltr'><strong><em>ε’ρωτᾶ</em></strong></span> <span class='ocrx_word' id='word_1_52' title='bbox 1156 680 1228 719; x_wconf 84' lang='grc' dir='ltr'><strong><em>τις</em></strong></span> <span class='ocrx_word' id='word_1_53' title='bbox 1262 659 1371 726; x_wconf 81' lang='grc' dir='ltr'><strong><em>περὶ</em></strong></span> <span class='ocrx_word' id='word_1_54' title='bbox 1414 663 1502 710; x_wconf 81' lang='grc' dir='ltr'><strong><em>τοῦ</em></strong></span> <span class='ocrx_word' id='word_1_55' title='bbox 1537 664 1764 727; x_wconf 81' lang='grc' dir='ltr'><strong><em>Τηλέφου</em></strong></span> 
     </span>
     <span class='ocr_line' id='line_1_9' title="bbox 175 708 1762 812; baseline 0.003 -35"><span class='ocrx_word' id='word_1_56' title='bbox 175 728 260 777; x_wconf 80' lang='grc' dir='ltr'><strong><em>καὶ</em></strong></span> <span class='ocrx_word' id='word_1_57' title='bbox 287 728 407 792; x_wconf 83' lang='grc' dir='ltr'><strong><em>φησὶ</em></strong></span> <span class='ocrx_word' id='word_1_58' title='bbox 432 721 487 778; x_wconf 84' lang='grc' dir='ltr'><strong><em>τὸ</em></strong></span> <span class='ocrx_word' id='word_1_59' title='bbox 513 733 529 758; x_wconf 74' lang='lat'><strong>‘</strong></span> <span class='ocrx_word' id='word_1_60' title='bbox 546 721 728 778; x_wconf 82' lang='grc' dir='ltr'><strong><em>Μυσὸν</em></strong></span> <span class='ocrx_word' id='word_1_61' title='bbox 757 728 996 812; x_wconf 78' lang='grc' dir='ltr'><strong><em>Τήλεφον.</em></strong></span> <span class='ocrx_word' id='word_1_62' title='bbox 1046 730 1143 778; x_wconf 82' lang='grc' dir='ltr'><strong><em>εἴτε</em></strong></span> <span class='ocrx_word' id='word_1_63' title='bbox 1169 729 1221 780; x_wconf 81' lang='grc' dir='ltr'><strong><em>δὲ</em></strong></span> <span class='ocrx_word' id='word_1_64' title='bbox 1249 708 1426 790; x_wconf 81' lang='grc' dir='ltr'><strong><em>Μυσὸς</em></strong></span> <span class='ocrx_word' id='word_1_65' title='bbox 1458 725 1523 797; x_wconf 76' lang='grc' dir='ltr'><strong><em>ἦν</em></strong></span> <span class='ocrx_word' id='word_1_66' title='bbox 1548 732 1643 782; x_wconf 81' lang='grc' dir='ltr'><strong><em>εἴτε</em></strong></span> <span class='ocrx_word' id='word_1_67' title='bbox 1675 730 1762 782; x_wconf 80' lang='grc' dir='ltr'><strong><em>α’λ-</em></strong></span> 
     </span>
    </p>
   </div>
   <div class='ocr_carea' id='block_1_5' title="bbox 1189 863 1443 890">
    <p class='ocr_par' dir='ltr' id='par_1_6' title="bbox 1189 863 1443 890">
     <span class='ocr_line' id='line_1_10' title="bbox 1189 863 1443 890; baseline -0.012 -7"><span class='ocrx_word' id='word_1_68' title='bbox 1189 863 1443 890; x_wconf 69' lang='lat'><strong><em>......</em></strong></span> 
     </span>
    </p>
   </div>
   <div class='ocr_carea' id='block_1_6' title="bbox 174 933 1762 1145">
    <p class='ocr_par' dir='ltr' id='par_1_7' title="bbox 174 933 1762 1145">
     <span class='ocr_line' id='line_1_11' title="bbox 174 933 1762 1006; baseline 0.002 -18"><span class='ocrx_word' id='word_1_69' title='bbox 174 944 283 989; x_wconf 72' lang='lat' dir='ltr'>Aah.</span> <span class='ocrx_word' id='word_1_70' title='bbox 309 943 437 1002; x_wconf 79' lang='lat'>430,</span> <span class='ocrx_word' id='word_1_71' title='bbox 465 943 540 1003; x_wconf 89' lang='lat' dir='ltr'><strong><em>qui</em></strong></span> <span class='ocrx_word' id='word_1_72' title='bbox 566 945 663 1003; x_wconf 87' lang='lat' dir='ltr'>ipsa</span> <span class='ocrx_word' id='word_1_73' title='bbox 689 943 764 988; x_wconf 87' lang='lat' dir='ltr'>illa</span> <span class='ocrx_word' id='word_1_74' title='bbox 789 934 881 987; x_wconf 85' lang='grc' dir='ltr'><strong><em>οἷὸ’</em></strong></span> <span class='ocrx_word' id='word_1_75' title='bbox 911 933 1068 1002; x_wconf 78' lang='grc' dir='ltr'><strong><em>ἄνδρα</em></strong></span> <span class='ocrx_word' id='word_1_76' title='bbox 1089 939 1275 990; x_wconf 81' lang='grc' dir='ltr'><strong><em>Μυσὸν</em></strong></span> <span class='ocrx_word' id='word_1_77' title='bbox 1304 940 1528 1005; x_wconf 80' lang='grc' dir='ltr'><strong><em>Τήλεφον</em></strong></span> <span class='ocrx_word' id='word_1_78' title='bbox 1563 947 1762 1006; x_wconf 76' lang='lat' dir='ltr'>EurIpidi</span> 
     </span>
     <span class='ocr_line' id='line_1_12' title="bbox 176 996 1762 1073; baseline 0.003 -16"><span class='ocrx_word' id='word_1_79' title='bbox 176 1012 361 1069; x_wconf 84' lang='lat' dir='ltr'>tribuit3</span> <span class='ocrx_word' id='word_1_80' title='bbox 401 1013 455 1059; x_wconf 86' lang='lat' dir='ltr'><strong><em>ad</em></strong></span> <span class='ocrx_word' id='word_1_81' title='bbox 481 1015 601 1071; x_wconf 83' lang='lat' dir='ltr'>integ</span> <span class='ocrx_word' id='word_1_82' title='bbox 608 996 786 1058; x_wconf 84' lang='lat' dir='ltr'>ritatem</span> <span class='ocrx_word' id='word_1_83' title='bbox 813 1026 968 1060; x_wconf 86' lang='lat' dir='ltr'>versus</span> <span class='ocrx_word' id='word_1_84' title='bbox 1005 1014 1122 1060; x_wconf 82' lang='lat' dir='ltr'><strong>haud</strong></span> <span class='ocrx_word' id='word_1_85' title='bbox 1149 1016 1425 1061; x_wconf 85' lang='lat' dir='ltr'>incommode</span> <span class='ocrx_word' id='word_1_86' title='bbox 1449 1010 1580 1073; x_wconf 82' lang='grc' dir='ltr'><strong><em>ξένος</em></strong></span> <span class='ocrx_word' id='word_1_87' title='bbox 1608 1007 1656 1060; x_wconf 80' lang='grc' dir='ltr'><strong><em>δ’</em></strong></span> <span class='ocrx_word' id='word_1_88' title='bbox 1682 1009 1762 1062; x_wconf 82' lang='grc' dir='ltr'><strong><em>όόε</em></strong></span> 
     </span>
     <span class='ocr_line' id='line_1_13' title="bbox 175 1082 1185 1145; baseline 0.002 -17"><span class='ocrx_word' id='word_1_89' title='bbox 175 1082 469 1143; x_wconf 85' lang='lat' dir='ltr'>suppleveris.</span> <span class='ocrx_word' id='word_1_90' title='bbox 521 1082 653 1128; x_wconf 83' lang='lat' dir='ltr'>verba</span> <span class='ocrx_word' id='word_1_91' title='bbox 679 1082 812 1128; x_wconf 80' lang='lat' dir='ltr'>Vlixis</span> <span class='ocrx_word' id='word_1_92' title='bbox 840 1097 938 1129; x_wconf 88' lang='lat' dir='ltr'>esse</span> <span class='ocrx_word' id='word_1_93' title='bbox 964 1086 1185 1145; x_wconf 83' lang='lat' dir='ltr'>suspicor.</span> 
     </span>
    </p>
   </div>
   <div class='ocr_carea' id='block_1_7' title="bbox 342 1218 1568 1381">
    <p class='ocr_par' dir='ltr' id='par_1_8' title="bbox 342 1218 1568 1381">
     <span class='ocr_line' id='line_1_14' title="bbox 921 1218 1023 1270; baseline -0.01 0"><span class='ocrx_word' id='word_1_94' title='bbox 921 1218 1023 1270; x_wconf 80' lang='lat'><strong><em>704</em></strong></span> 
     </span>
     <span class='ocr_line' id='line_1_15' title="bbox 342 1303 1568 1381; baseline 0.003 -19"><span class='ocrx_word' id='word_1_95' title='bbox 342 1303 576 1378; x_wconf 76' lang='grc' dir='ltr'><strong><em>ἄνασσα,</em></strong></span> <span class='ocrx_word' id='word_1_96' title='bbox 609 1307 851 1378; x_wconf 77' lang='grc' dir='ltr'><strong><em>πράγους</em></strong></span> <span class='ocrx_word' id='word_1_97' title='bbox 882 1311 1044 1364; x_wconf 76' lang='grc' dir='ltr'><strong><em>τοῦδε</em></strong></span> <span class='ocrx_word' id='word_1_98' title='bbox 1075 1310 1164 1363; x_wconf 81' lang='grc' dir='ltr'><strong><em>καὶ</em></strong></span> <span class='ocrx_word' id='word_1_99' title='bbox 1195 1307 1568 1381; x_wconf 80' lang='grc' dir='ltr'><strong><em>βουλεύματος</em></strong></span> 
     </span>
    </p>
   </div>
   <div class='ocr_carea' id='block_1_8' title="bbox 171 1409 1761 1688">
    <p class='ocr_par' dir='ltr' id='par_1_9' title="bbox 171 1409 1761 1688">
     <span class='ocr_line' id='line_1_16' title="bbox 279 1409 1761 1496; baseline 0.005 -34"><span class='ocrx_word' id='word_1_100' title='bbox 279 1419 351 1462; x_wconf 83' lang='lat' dir='ltr'><strong><em>Ar.</em></strong></span> <span class='ocrx_word' id='word_1_101' title='bbox 391 1418 491 1477; x_wconf 59' lang='grc' dir='ltr'><strong><em>[γε.</em></strong></span> <span class='ocrx_word' id='word_1_102' title='bbox 531 1418 652 1464; x_wconf 79' lang='lat'>706:</span> <span class='ocrx_word' id='word_1_103' title='bbox 700 1409 913 1462; x_wconf 70' lang='grc' dir='ltr'><strong><em>ἄνασσα</em></strong></span> <span class='ocrx_word' id='word_1_104' title='bbox 949 1444 1011 1452; x_wconf 94' lang='grc'><strong>-</strong></span> <span class='ocrx_word' id='word_1_105' title='bbox 1046 1411 1417 1496; x_wconf 84' lang='grc' dir='ltr'><strong><em>βουλεύματος’.</em></strong></span> <span class='ocrx_word' id='word_1_106' title='bbox 1476 1421 1552 1468; x_wconf 89' lang='lat' dir='ltr'><strong><em>ubi</em></strong></span> <span class='ocrx_word' id='word_1_107' title='bbox 1588 1422 1761 1469; x_wconf 87' lang='lat' dir='ltr'>Schol.·</span> 
     </span>
     <span class='ocr_line' id='line_1_17' title="bbox 174 1479 1760 1551; baseline 0.004 -19"><span class='ocrx_word' id='word_1_108' title='bbox 174 1481 363 1532; x_wconf 89' lang='grc' dir='ltr'><strong><em>α’νασσα</em></strong></span> <span class='ocrx_word' id='word_1_109' title='bbox 404 1480 643 1549; x_wconf 83' lang='grc' dir='ltr'><strong><em>πραγους]</em></strong></span> <span class='ocrx_word' id='word_1_110' title='bbox 697 1481 749 1532; x_wconf 80' lang='grc' dir='ltr'><strong><em>ἐκ</em></strong></span> <span class='ocrx_word' id='word_1_111' title='bbox 795 1483 1019 1547; x_wconf 85' lang='grc' dir='ltr'><strong><em>Τηλέφου</em></strong></span> <span class='ocrx_word' id='word_1_112' title='bbox 1061 1479 1352 1547; x_wconf 23' lang='grc' dir='ltr'><strong><em>Εὖριπιᾞδου</em></strong></span> <span class='ocrx_word' id='word_1_113' title='bbox 1427 1505 1538 1551; x_wconf 84' lang='lat' dir='ltr'>quae</span> <span class='ocrx_word' id='word_1_114' title='bbox 1589 1494 1760 1537; x_wconf 79' lang='lat' dir='ltr'>Aristo-</span> 
     </span>
     <span class='ocr_line' id='line_1_18' title="bbox 172 1550 1760 1620; baseline 0.003 -19"><span class='ocrx_word' id='word_1_115' title='bbox 172 1558 340 1618; x_wconf 81' lang='lat' dir='ltr'>phanes</span> <span class='ocrx_word' id='word_1_116' title='bbox 367 1557 547 1616; x_wconf 82' lang='lat' dir='ltr'><strong>subicit,</strong></span> <span class='ocrx_word' id='word_1_117' title='bbox 574 1554 621 1601; x_wconf 88' lang='grc' dir='ltr'><strong><em>τί</em></strong></span> <span class='ocrx_word' id='word_1_118' title='bbox 643 1571 723 1616; x_wconf 88' lang='grc' dir='ltr'><strong><em>μοι</em></strong></span> <span class='ocrx_word' id='word_1_119' title='bbox 751 1550 1049 1618; x_wconf 75' lang='grc' dir='ltr'><strong><em>σκυθρωπὸς</em></strong></span> <span class='ocrx_word' id='word_1_120' title='bbox 1080 1552 1374 1619; x_wconf 79' lang='grc' dir='ltr'><strong><em>ἐξεληλυθας</em></strong></span> <span class='ocrx_word' id='word_1_121' title='bbox 1409 1555 1598 1620; x_wconf 82' lang='grc' dir='ltr'><strong><em>δόμων;</em></strong></span> <span class='ocrx_word' id='word_1_122' title='bbox 1633 1562 1760 1608; x_wconf 84' lang='lat' dir='ltr'>Euri-</span> 
     </span>
     <span class='ocr_line' id='line_1_19' title="bbox 171 1627 1189 1688; baseline 0.003 -16"><span class='ocrx_word' id='word_1_123' title='bbox 171 1628 301 1687; x_wconf 87' lang='lat' dir='ltr'>pidea</span> <span class='ocrx_word' id='word_1_124' title='bbox 326 1641 425 1673; x_wconf 92' lang='lat' dir='ltr'>esse</span> <span class='ocrx_word' id='word_1_125' title='bbox 453 1629 644 1673; x_wconf 84' lang='lat' dir='ltr'>coniecit</span> <span class='ocrx_word' id='word_1_126' title='bbox 668 1627 812 1674; x_wconf 84' lang='lat' dir='ltr'>Valck.</span> <span class='ocrx_word' id='word_1_127' title='bbox 840 1629 974 1674; x_wconf 78' lang='lat' dir='ltr'>Diatr.</span> <span class='ocrx_word' id='word_1_128' title='bbox 1001 1644 1044 1688; x_wconf 91' lang='lat' dir='ltr'>p.</span> <span class='ocrx_word' id='word_1_129' title='bbox 1074 1628 1189 1676; x_wconf 84' lang='lat'>210.</span> 
     </span>
    </p>
   </div>
   <div class='ocr_carea' id='block_1_9' title="bbox 341 1762 1716 1927">
    <p class='ocr_par' dir='ltr' id='par_1_10' title="bbox 341 1762 1716 1927">
     <span class='ocr_line' id='line_1_20' title="bbox 919 1762 1021 1814; baseline 0 0"><span class='ocrx_word' id='word_1_130' title='bbox 919 1762 1021 1814; x_wconf 80' lang='lat'><strong><em>705</em></strong></span> 
     </span>
     <span class='ocr_line' id='line_1_21' title="bbox 341 1842 1716 1927; baseline 0.004 -21"><span class='ocrx_word' id='word_1_131' title='bbox 341 1842 383 1906; x_wconf 77' lang='grc' dir='ltr'><em>ὦ</em></span> <span class='ocrx_word' id='word_1_132' title='bbox 416 1848 626 1922; x_wconf 80' lang='grc' dir='ltr'><strong><em>Φοῖβ”</em></strong></span> <span class='ocrx_word' id='word_1_133' title='bbox 625 1849 884 1908; x_wconf 85' lang='grc' dir='ltr'><strong><em>’Λπολλον</em></strong></span> <span class='ocrx_word' id='word_1_134' title='bbox 918 1850 1111 1922; x_wconf 74' lang='grc' dir='ltr'><strong><em>Λύκιε,</em></strong></span> <span class='ocrx_word' id='word_1_135' title='bbox 1146 1858 1203 1908; x_wconf 88' lang='grc' dir='ltr'><strong><em>τί</em></strong></span> <span class='ocrx_word' id='word_1_136' title='bbox 1227 1855 1360 1910; x_wconf 82' lang='grc' dir='ltr'><strong><em>ποτέ</em></strong></span> <span class='ocrx_word' id='word_1_137' title='bbox 1385 1851 1434 1926; x_wconf 85' lang='grc' dir='ltr'><strong><em>μ’</em></strong></span> <span class='ocrx_word' id='word_1_138' title='bbox 1472 1853 1716 1927; x_wconf 80' lang='grc' dir='ltr'><strong><em>ἑργασεί;</em></strong></span> 
     </span>
    </p>
   </div>
   <div class='ocr_carea' id='block_1_10' title="bbox 172 1954 1759 2093">
    <p class='ocr_par' dir='ltr' id='par_1_11' title="bbox 172 1954 1759 2093">
     <span class='ocr_line' id='line_1_22' title="bbox 274 1954 1759 2027; baseline 0.004 -21"><span class='ocrx_word' id='word_1_139' title='bbox 274 1963 349 2008; x_wconf 87' lang='lat' dir='ltr'><strong><em>Ar.</em></strong></span> <span class='ocrx_word' id='word_1_140' title='bbox 378 1963 454 2022; x_wconf 89' lang='lat' dir='ltr'><strong><em>Eq.</em></strong></span> <span class='ocrx_word' id='word_1_141' title='bbox 485 1962 640 2009; x_wconf 80' lang='lat'>1:240:</span> <span class='ocrx_word' id='word_1_142' title='bbox 669 1954 738 2008; x_wconf 54' lang='grc' dir='ltr'><strong><em>(ὦ</em></strong></span> <span class='ocrx_word' id='word_1_143' title='bbox 766 1988 829 1996; x_wconf 92' lang='grc'><strong>-</strong></span> <span class='ocrx_word' id='word_1_144' title='bbox 857 1955 1089 2023; x_wconf 56' lang='grc' dir='ltr'><strong><em>ἐργάσειζ</em></strong></span> <span class='ocrx_word' id='word_1_145' title='bbox 1139 1965 1214 2010; x_wconf 90' lang='lat' dir='ltr'><strong><em>ubi</em></strong></span> <span class='ocrx_word' id='word_1_146' title='bbox 1252 1964 1426 2012; x_wconf 88' lang='lat' dir='ltr'>Schol..</span> <span class='ocrx_word' id='word_1_147' title='bbox 1461 1959 1487 2012; x_wconf 85' lang='grc' dir='ltr'>ὁ</span> <span class='ocrx_word' id='word_1_148' title='bbox 1515 1966 1671 2027; x_wconf 83' lang='grc' dir='ltr'><strong><em>στίχος</em></strong></span> <span class='ocrx_word' id='word_1_149' title='bbox 1706 1960 1759 2013; x_wconf 75' lang='grc' dir='ltr'><strong><em>ἐκ</em></strong></span> 
     </span>
     <span class='ocr_line' id='line_1_23' title="bbox 172 2024 713 2093; baseline 0 -17"><span class='ocrx_word' id='word_1_150' title='bbox 172 2026 399 2090; x_wconf 84' lang='grc' dir='ltr'><strong><em>Τηλέφου</em></strong></span> <span class='ocrx_word' id='word_1_151' title='bbox 423 2024 713 2093; x_wconf 78' lang='grc' dir='ltr'><strong><em>Εὐριπίδου.</em></strong></span> 
     </span>
    </p>
   </div>
   <div class='ocr_carea' id='block_1_11' title="bbox 919 2126 1020 2178">
    <p class='ocr_par' dir='ltr' id='par_1_12' title="bbox 919 2126 1020 2178">
     <span class='ocr_line' id='line_1_24' title="bbox 919 2126 1020 2178; baseline 0 0"><span class='ocrx_word' id='word_1_152' title='bbox 919 2126 1020 2178; x_wconf 84' lang='lat'><strong><em>706</em></strong></span> 
     </span>
    </p>
   </div>
   <div class='ocr_carea' id='block_1_12' title="bbox 332 2209 1676 2455">
    <p class='ocr_par' dir='ltr' id='par_1_13' title="bbox 332 2209 1676 2455">
     <span class='ocr_line' id='line_1_25' title="bbox 332 2209 1676 2292; baseline 0.004 -22.045"><span class='ocrx_word' id='word_1_153' title='bbox 332 2209 690 2287; x_wconf 78' lang='grc' dir='ltr'><strong><em>Ἀγάμεμνον,</em></strong></span> <span class='ocrx_word' id='word_1_154' title='bbox 722 2213 843 2271; x_wconf 81' lang='grc' dir='ltr'><strong><em>οὐδ’</em></strong></span> <span class='ocrx_word' id='word_1_155' title='bbox 882 2221 931 2271; x_wconf 83' lang='grc' dir='ltr'><strong><em>εἰ</em></strong></span> <span class='ocrx_word' id='word_1_156' title='bbox 960 2215 1199 2271; x_wconf 81' lang='grc' dir='ltr'><strong><em>πέλεκυν</em></strong></span> <span class='ocrx_word' id='word_1_157' title='bbox 1231 2219 1290 2272; x_wconf 86' lang='grc' dir='ltr'><strong><em>ἐν</em></strong></span> <span class='ocrx_word' id='word_1_158' title='bbox 1319 2232 1506 2289; x_wconf 89' lang='grc' dir='ltr'><strong><em>χεροῖν</em></strong></span> <span class='ocrx_word' id='word_1_159' title='bbox 1536 2225 1676 2292; x_wconf 82' lang='grc' dir='ltr'><strong><em>ἔχων</em></strong></span> 
     </span>
     <span class='ocr_line' id='line_1_26' title="bbox 333 2296 1504 2373; baseline 0.003 -20"><span class='ocrx_word' id='word_1_160' title='bbox 333 2300 519 2369; x_wconf 86' lang='grc' dir='ltr'><strong><em>μέλλοι</em></strong></span> <span class='ocrx_word' id='word_1_161' title='bbox 548 2323 624 2364; x_wconf 81' lang='grc' dir='ltr'><strong><em>τις</em></strong></span> <span class='ocrx_word' id='word_1_162' title='bbox 658 2304 733 2364; x_wconf 80' lang='grc' dir='ltr'><strong><em>εἰς</em></strong></span> <span class='ocrx_word' id='word_1_163' title='bbox 764 2296 1033 2371; x_wconf 88' lang='grc' dir='ltr'><strong><em>τραχηλον</em></strong></span> <span class='ocrx_word' id='word_1_164' title='bbox 1066 2301 1322 2370; x_wconf 83' lang='grc' dir='ltr'><strong><em>ἐμβαλεῖν</em></strong></span> <span class='ocrx_word' id='word_1_165' title='bbox 1354 2300 1504 2373; x_wconf 86' lang='grc' dir='ltr'><strong><em>ἐμόν,</em></strong></span> 
     </span>
     <span class='ocr_line' id='line_1_27' title="bbox 335 2378 1410 2455; baseline 0.004 -19"><span class='ocrx_word' id='word_1_166' title='bbox 335 2379 624 2453; x_wconf 86' lang='grc' dir='ltr'><strong><em>σιγήσομαι</em></strong></span> <span class='ocrx_word' id='word_1_167' title='bbox 656 2381 839 2438; x_wconf 73' lang='grc' dir='ltr'><strong><em>δίκαιοί</em></strong></span> <span class='ocrx_word' id='word_1_168' title='bbox 868 2380 912 2452; x_wconf 86' lang='grc' dir='ltr'><strong><em>γ’</em></strong></span> <span class='ocrx_word' id='word_1_169' title='bbox 950 2378 1225 2439; x_wconf 85' lang='grc' dir='ltr'><strong><em>αντειπεῑν</em></strong></span> <span class='ocrx_word' id='word_1_170' title='bbox 1259 2389 1410 2455; x_wconf 79' lang='grc' dir='ltr'><strong><em>έχων.</em></strong></span> 
     </span>
    </p>
   </div>
   <div class='ocr_carea' id='block_1_13' title="bbox 272 2476 1402 2539">
    <p class='ocr_par' dir='ltr' id='par_1_14' title="bbox 272 2476 1402 2539">
     <span class='ocr_line' id='line_1_28' title="bbox 272 2476 1402 2539; baseline 0.004 -16"><span class='ocrx_word' id='word_1_171' title='bbox 272 2476 398 2524; x_wconf 80' lang='lat' dir='ltr'>Stob.</span> <span class='ocrx_word' id='word_1_172' title='bbox 425 2479 543 2523; x_wconf 86' lang='lat' dir='ltr'>Flor.</span> <span class='ocrx_word' id='word_1_173' title='bbox 575 2479 656 2537; x_wconf 90' lang='lat'><strong><em>13,</em></strong></span> <span class='ocrx_word' id='word_1_174' title='bbox 687 2480 765 2526; x_wconf 90' lang='lat'><strong><em>10.</em></strong></span> <span class='ocrx_word' id='word_1_175' title='bbox 816 2480 998 2539; x_wconf 86' lang='lat' dir='ltr'>Telephi</span> <span class='ocrx_word' id='word_1_176' title='bbox 1028 2479 1157 2525; x_wconf 83' lang='lat' dir='ltr'>verba</span> <span class='ocrx_word' id='word_1_177' title='bbox 1184 2481 1402 2527; x_wconf 74' lang='lat' dir='ltr'>videntur.</span> 
     </span>
    </p>
   </div>
   <div class='ocr_carea' id='block_1_14' title="bbox 335 2614 1004 2775">
    <p class='ocr_par' dir='ltr' id='par_1_15' title="bbox 335 2614 1004 2775">
     <span class='ocr_line' id='line_1_29' title="bbox 905 2614 1004 2666; baseline 0 0"><span class='ocrx_word' id='word_1_178' title='bbox 905 2614 1004 2666; x_wconf 83' lang='lat'><strong><em>707</em></strong></span> 
     </span>
     <span class='ocr_line' id='line_1_30' title="bbox 335 2700 851 2775; baseline 0.006 -19"><span class='ocrx_word' id='word_1_179' title='bbox 335 2703 450 2773; x_wconf 84' lang='grc' dir='ltr'><strong><em>ἐρεῖ</em></strong></span> <span class='ocrx_word' id='word_1_180' title='bbox 473 2726 573 2772; x_wconf 83' lang='grc' dir='ltr'><strong><em>τις,</em></strong></span> <span class='ocrx_word' id='word_1_181' title='bbox 606 2700 671 2759; x_wconf 82' lang='grc' dir='ltr'><strong><em>οὐ</em></strong></span> <span class='ocrx_word' id='word_1_182' title='bbox 699 2705 851 2775; x_wconf 88' lang='grc' dir='ltr'><strong><em>χρῆν.</em></strong></span> 
     </span>
    </p>
   </div>
   <div class='ocr_carea' id='block_1_15' title="bbox 164 2791 1753 2936">
    <p class='ocr_par' dir='ltr' id='par_1_16' title="bbox 164 2791 1752 2936">
     <span class='ocr_line' id='line_1_31' title="bbox 271 2791 1752 2863; baseline 0.004 -22"><span class='ocrx_word' id='word_1_183' title='bbox 271 2797 345 2843; x_wconf 82' lang='lat' dir='ltr'><strong><em>Ar.</em></strong></span> <span class='ocrx_word' id='word_1_184' title='bbox 384 2801 491 2845; x_wconf 83' lang='lat' dir='ltr'>Aeh.</span> <span class='ocrx_word' id='word_1_185' title='bbox 530 2799 654 2847; x_wconf 78' lang='lat'>540:</span> <span class='ocrx_word' id='word_1_186' title='bbox 710 2794 814 2858; x_wconf 82' lang='grc' dir='ltr'><strong><em>ἐρεῖ</em></strong></span> <span class='ocrx_word' id='word_1_187' title='bbox 843 2815 914 2856; x_wconf 84' lang='grc' dir='ltr'><strong><em>τις</em></strong></span> <span class='ocrx_word' id='word_1_188' title='bbox 958 2791 1017 2846; x_wconf 79' lang='grc' dir='ltr'><strong><em>οὐ</em></strong></span> <span class='ocrx_word' id='word_1_189' title='bbox 1055 2801 1203 2863; x_wconf 86' lang='grc' dir='ltr'><strong><em>χρῆν·</em></strong></span> <span class='ocrx_word' id='word_1_190' title='bbox 1248 2792 1371 2847; x_wconf 75' lang='grc' dir='ltr'><strong><em>ἄλλα</em></strong></span> <span class='ocrx_word' id='word_1_191' title='bbox 1414 2800 1462 2847; x_wconf 86' lang='grc' dir='ltr'><strong><em>τί</em></strong></span> <span class='ocrx_word' id='word_1_192' title='bbox 1493 2796 1642 2861; x_wconf 80' lang='grc' dir='ltr'><strong><em>ἐχρῆν</em></strong></span> <span class='ocrx_word' id='word_1_193' title='bbox 1682 2797 1752 2848; x_wconf 77' lang='grc' dir='ltr'><strong><em>εἴ·</em></strong></span> 
     </span>
     <span class='ocr_line' id='line_1_32' title="bbox 164 2860 1753 2936; baseline 0.006 -27"><span class='ocrx_word' id='word_1_194' title='bbox 164 2878 301 2911; x_wconf 84' lang='grc' dir='ltr'><strong><em>πατε.</em></strong></span> <span class='ocrx_word' id='word_1_195' title='bbox 350 2867 426 2914; x_wconf 90' lang='lat' dir='ltr'><strong><em>ubi</em></strong></span> <span class='ocrx_word' id='word_1_196' title='bbox 460 2869 662 2916; x_wconf 82' lang='lat' dir='ltr'>Scholia.</span> <span class='ocrx_word' id='word_1_197' title='bbox 698 2864 804 2931; x_wconf 83' lang='grc' dir='ltr'><strong><em>ε’ρεῖ</em></strong></span> <span class='ocrx_word' id='word_1_198' title='bbox 830 2885 901 2926; x_wconf 86' lang='grc' dir='ltr'><strong><em>τις</em></strong></span> <span class='ocrx_word' id='word_1_199' title='bbox 937 2860 995 2916; x_wconf 81' lang='grc' dir='ltr'><strong><em>οὗ</em></strong></span> <span class='ocrx_word' id='word_1_200' title='bbox 1019 2869 1165 2936; x_wconf 83' lang='grc' dir='ltr'><strong><em>χρῆν]</em></strong></span> <span class='ocrx_word' id='word_1_201' title='bbox 1202 2867 1287 2917; x_wconf 84' lang='grc' dir='ltr'><strong><em>καὶ</em></strong></span> <span class='ocrx_word' id='word_1_202' title='bbox 1314 2869 1455 2917; x_wconf 82' lang='grc' dir='ltr'><strong><em>τοῦτο</em></strong></span> <span class='ocrx_word' id='word_1_203' title='bbox 1482 2862 1578 2918; x_wconf 79' lang='grc' dir='ltr'><strong><em>ἀπὸ</em></strong></span> <span class='ocrx_word' id='word_1_204' title='bbox 1608 2868 1753 2932; x_wconf 87' lang='grc' dir='ltr'><strong><em>Τηλέ-</em></strong></span> 
     </span>
    </p>
   </div>
  </div>
 </body>
</html>
