2077 3139
376 143 474 197 178
991 144 1338 188 ΣΘΕΝΕΒΟΙΑ

1123 279 1226 333 662

547 368 664 430 Οὐκ
696 377 843 429 ἔστιν
872 368 1018 437 ὅστις
1049 365 1203 426 πάντ’
1237 364 1375 441 οἷνὴρ
1410 367 1752 442 εὐδαιμονεῖ·

513 452 573 528 ἢ
603 454 709 527 γὰρ
740 456 1000 528 πεφυκώς
1033 451 1228 518 ἐσθλὸς
1259 451 1362 508 οὐκ
1392 458 1500 526 ἔχει
1530 460 1673 525 βίον,

541 536 575 612 ἦ
609 538 877 612 δυσγενὴς
911 535 988 596 ὧν
1019 543 1291 595 πλουσίαν
1321 535 1450 610 ἀροι
1475 538 1667 595 πλάκα.

479 639 555 683 Ar.
585 638 691 683 Ran.
723 637 877 683 1217·
925 640 1061 681 ΕΤΡ.
1097 660 1161 667 -—
1200 625 1319 694 πρὸς
1343 649 1436 694 γαρ
1463 629 1656 679 τουτονὶ
1682 625 1768 680 τὸν
1793 625 1963 713 πρόλο-

373 722 462 786 γον
490 699 577 767 οὐχ
605 702 695 763 ἕξει
720 699 975 766 προσάψαι
1003 698 1246 766 λήκυθον.
1285 697 1400 749 οὐκ
1425 700 1555 750 ἐστιν
1581 730 1645 738 -
1674 693 1704 765 ἢ
1733 696 1965 784 δυσγενὴς

376 769 473 823 (ον’
512 782 668 823 ΑΙΣΧ.
728 769 971 836 ληκύθιον
1007 767 1262 822 ἀπώλεσεν.
1327 775 1402 821 ubi
1438 775 1587 822 Schol.
1619 791 1659 822 v,
1703 776 1859 823 1219:
1911 765 1964 820 τό

375 837 557 926 Ronmwbv
572 845 658 893 τοῦ
674 840 862 907 ἰάμβου
892 844 1157 892 πλουσιάν
1183 835 1296 905 ἆροῐ
1319 838 1527 894 meina&
1579 843 1885 906 Σθενεβοίας
1913 841 1965 892 δὲ

373 922 404 978 η
430 909 573 979 ἀρχή,
625 918 813 964 eundeni
838 917 987 964 locum
1024 933 1060 962 s.
1088 933 1130 977 p.
1162 924 1204 961 et
1230 916 1315 962 fab.
1345 931 1388 962 n.
1425 917 1553 961 affert
1588 916 1833 975 Gregorius
1860 917 1962 964 Naz.

373 990 461 1035 vol.
492 988 519 1034 2
548 1004 591 1049 p.
625 988 725 1035 210
752 990 794 1033 Β.
846 1004 910 1034 vs.
940 989 965 1033 1
997 988 1144 1032 addito
1172 987 1396 1046 Euripidis
1423 987 1602 1032 nomine
1628 986 1810 1032 laudant
1834 987 1964 1032 Nico·

375 1066 546 1104 stratus
574 1060 694 1105 Com.
725 1059 754 1105 3
783 1074 824 1118 p.
854 1057 953 1105 288
992 1065 1037 1103 et
1061 1057 1336 1117 Philippides
1363 1055 1484 1102 Com.
1511 1056 1543 1100 4
1581 1071 1623 1116 p.
1649 1056 1766 1108 472,
1795 1059 1890 1102 sine
1917 1072 1962 1117 p.

373 1135 417 1174 et
442 1129 528 1175 sab.
556 1143 674 1173 nom.
705 1128 870 1174 habent
894 1129 1082 1173 Aristot.
1121 1127 1249 1172 Rhet.
1281 1126 1338 1184 2,
1367 1125 1428 1171 21
1459 1141 1501 1186 p.
1537 1125 1710 1173 13941)
1738 1127 1767 1171 2
1796 1141 1960 1188 anony-

372 1214 471 1244 mus
509 1200 553 1244 in
587 1199 703 1244 libro
739 1200 831 1244 Les
858 1211 1083 1257 papyrus
1116 1198 1264 1243 (ἔνευε
1296 1196 1450 1254 (Paris.
1484 1195 1635 1255 1866)
1671 1211 1713 1256 p.
1745 1197 1809 1244 98
1843 1197 1962 1243 Plut.

372 1271 480 1315 Mor.
510 1285 551 1330 p.
578 1269 675 1316 103
702 1270 732 1314 Β
759 1269 868 1314 Men.
897 1283 1014 1313 mon.
1046 1268 1160 1315 697.
1212 1283 1275 1314 vs.
1303 1267 1333 1314 3
1371 1267 1558 1312 affertur
1590 1268 1636 1312 in
1673 1267 1820 1313 Schol.
1860 1268 1962 1313 Eur.

370 1340 476 1386 Hec.
505 1339 535 1387 8
564 1340 649 1385 vol.
682 1341 705 1384 1
735 1354 782 1400 p.
811 1338 931 1398 223,
961 1339 1039 1384 12.

537 1550 773 1616 πολλοὺς
806 1550 866 1606 δὲ
896 1548 1113 1626 πλούτῳ
1147 1550 1237 1605 καὶ
1268 1549 1416 1619 γε’νει
1446 1550 1856 1620 γαυρουμένους

538 1632 680 1706 γυνὴ
713 1631 1002 1707 κατῄσχυν’
1039 1638 1096 1690 ἐν
1129 1631 1341 1706 δόμοισι
1371 1639 1556 1705 νηπία.

473 1732 598 1778 Stob.
628 1732 747 1777 Flor.
777 1732 840 1779 68
859 1768 872 1791 ,
913 1731 989 1778 15.
1049 1733 1182 1777 iidem
1210 1745 1364 1776 versus
1391 1745 1489 1777 cum
1518 1730 1724 1776 lemmate
1751 1721 1959 1791 Εὐριπι-

370 1798 457 1848 δου
486 1793 881 1861 Βελλεροφόντης
906 1809 1058 1848 extant
1084 1803 1128 1847 in
1156 1802 1280 1847 Stob.
1307 1800 1424 1846 Flor.
1455 1800 1537 1859 72,
1567 1801 1611 1847 6.

1119 1923 1222 1975 664

537 2011 672 2070 ἄνευ
704 2012 867 2086 τύχης
897 2011 1021 2086 γάρ,
1055 2010 1237 2086 ὥσπερ
1269 2008 1302 2083 ἡ
1335 2017 1616 2083 παροιμία,

539 2098 703 2163 πόνος
733 2099 1007 2169 μονωθεὶς
1039 2094 1213 2153 οὐκέτ’
1247 2094 1473 2167 ἀλγύνει
1503 2093 1749 2167 βροτούς.

474 2195 599 2241 Stoh.
636 2195 756 2241 Flor.
795 2194 886 2254 29,
916 2195 996 2242 36.
1046 2211 1109 2240 vs.
1150 2196 1177 2239 2
1231 2183 1376 2239 οὐδὲν
1424 2183 1633 2252 ἆλφάνει
1682 2190 1874 2255 βροτοῖς
1914 2194 1959 2238 C.

367 2264 571 2312 Schenkh

1106 2328 1208 2381 665

535 2422 699 2485 πέλας
735 2420 795 2475 δὲ
826 2417 1022 2491 ταύτης
1056 2418 1234 2486 δεινὸς
1265 2423 1484 2488 ἵδρυται
1517 2416 1735 2489 Κράγος

535 2510 790 2576 ἔνθηρος,
827 2495 858 2576 ᾗ
889 2507 1151 2576 λ’ῃστῆρσι
1182 2515 1506 2574 φρουρεῖται
1537 2501 1701 2574 πόρος

534 2586 778 2643 κλύδωνι
811 2591 977 2662 δεινῷ
1008 2590 1098 2643 καὶ
1128 2585 1471 2662 βροτοστόνῳ
1503 2587 1735 2657 βρέμων.

535 2670 735 2742 πτηνὸς
766 2671 1021 2742 πορεύσει

473 2770 546 2813 Ar.
585 2769 682 2814 Pac.
723 2768 845 2814 124:
886 2773 1073 2813 KOPAI
1103 2771 1425 2813 ΤΡΤΓΑΙΟΤ.
1475 2762 1557 2810 καὶ
1594 2763 1665 2821 τίς
1700 2759 1849 2827 πόρος
1883 2774 1960 2810 σοι

367 2836 452 2896 τῆς
479 2831 598 2884 ὁδοῦ
624 2849 903 2899 γενησεται;
945 2836 1065 2893 ναῦς
1099 2833 1187 2898 μὲν
1221 2831 1313 2899 γὰρ
1341 2829 1431 2882 οὐκ
1458 2828 1559 2892 ἄξει
1586 2849 1636 2881 σε
1662 2829 1843 2896 ταύτην
1869 2823 1961 2894 τὴν

367 2900 501 2953 ὁδόν.
563 2912 880 2955 ΤΡΤΓΑΙΟΣ.
931 2898 1115 2967 πτηνὸς
1147 2902 1352 2970 πορεύσε
1331 2924 1372 2952 ει
1399 2904 1580 2962 πῶλος·
1625 2897 1683 2951 οὐ
1710 2898 1961 2951 ναυσθλώ-
