2077 3139
240 133 311 186 62
558 110 563 115 ’
877 137 1208 178 ΑΡΧΕΛΑΟΣ

348 281 493 327 Schoi.
531 281 651 326 Pind.
679 281 807 341 Pyth.
835 280 894 336 2,
930 280 1019 327 54:
1056 269 1288 340 πειρατὰς
1323 270 1435 335 τούς
1470 270 1591 326 κατὰ
1626 277 1831 344 πέλαγος

243 344 419 429 λῃστὰς
463 346 678 423 λέγομεν,
721 348 900 409 κυρίως
936 345 988 395 δὲ
1030 342 1142 405 τοὺς
1178 346 1229 395 ἐν
1268 341 1368 395 ὁδώ
1414 351 1830 412 κακουργοῦντας

242 410 350 476 παρ’
387 411 413 465 ὃ
441 416 500 478 δὴ
527 417 608 465 καὶ
635 408 868 478 ὁδουροὺς
901 411 1082 474 αὐτοὺς
1107 417 1324 480 λέγουσιν
1336 401 1676 480 Εὐριπίδης’
1653 436 1704 466 εν
1729 423 1831 483 A9·

241 483 438 554 χελοὶςι)ε
452 481 620 536 ἕπαυσ’
651 479 722 535 ὃὸ.
750 490 790 536 λ.
808 492 821 514 ’
850 490 934 534 καὶ
961 488 1222 549 Σοφοκλῆς
1248 485 1298 535 ἐν
1323 488 1468 549 Αἰγει
1492 516 1569 535 -.

986 610 1089 662 263

406 692 585 743 ἔσωσα
618 685 822 758 δούλην
851 679 1052 742 οὖσαν·
1086 690 1143 742 οἱ
1168 686 1271 756 γὰρ
1303 685 1530 757 ἥσσονες

403 785 517 835 τοῖς
548 779 861 841 κρείσσοσιν
891 775 1113 842 φιλοῦσι
1148 769 1431 827 δουλεύειν
1460 774 1690 842 βροτῶν.

342 867 468 913 8101).
495 869 612 913 Flur.
644 868 726 925 62,
756 868 832 914 13.
887 884 947 912 vs.
977 870 1002 913 1
1034 864 1180 912 ἔσωσε
1207 869 1274 913 vel
1301 858 1463 932 ἐγῷδα
1489 870 1750 914 Meineklus.

980 988 1084 1039 ‘264

404 1061 571 1120 πάλαι
603 1067 910 1134 σκοποῦμαι
941 1067 1034 1128 τὰς
1065 1061 1233 1133 τύχας
1265 1066 1375 1118 τῶν
1406 1068 1621 1133 βροτῶν

404 1144 475 1213 ὡς
507 1140 568 1204 εὖ
599 1146 1091 1218 μεταλλάσσουσιν·
1123 1143 1184 1211 ὃς
1215 1146 1318 1217 γὰρ
1350 1146 1418 1202 ἂν
1450 1151 1633 1221 σφαλῇ

405 1237 480 1297 εἰς
511 1229 686 1301 ὀρθὸν
718 1237 843 1302 ἔστη
874 1229 950 1303 χώ
984 1233 1115 1299 πρὶν
1148 1229 1393 1302 εὐτυχῶν
1425 1239 1615 1288 πίτνει.

338 1329 461 1374 8101).
489 1329 606 1375 Flor.
637 1328 753 1387 105,
781 1329 846 1375 31
869 1330 1065 1374 etOi‘ion
1094 1328 1211 1373 Flor.
1241 1328 1290 1385 8,
1320 1330 1348 1373 2
1377 1345 1417 1388 p.
1435 1329 1554 1402 261,
1584 1329 1662 1375 21.
1703 1345 1763 1374 vs.
1804 1333 1825 1376 1

235 1394 553 1479 σκοπουμαι]
571 1397 828 1456 σκοπῶμεν
870 1399 939 1442 Or.
979 1414 1064 1452 τας
1102 1392 1355 1456 ἐφημέρων
1392 1414 1536 1457 τυχας
1588 1399 1634 1445 0.
1666 1401 1824 1446 Hense.

235 1484 297 1514 vs.
325 1468 354 1514 2
393 1461 456 1523 ὥς
498 1459 619 1532 ευ]
605 1460 719 1513 όσον
746 1469 1094 1526 Heruerdenus,
1124 1460 1187 1522 ὡς
1214 1464 1322 1512 θεοὶ
1345 1468 1389 1511 0.
1414 1469 1573 1514 Hense.

976 1589 1080 1640 265

401 1673 513 1721 ἔστι
543 1689 593 1720 τι
624 1667 713 1720 καὶ
745 1663 892 1733 παρὰ
918 1664 1150 1732 δάκρυσι

402 1754 654 1820 κείμενον
684 1747 790 1820 ἡδὺ
820 1755 1054 1818 βροτοῖς,
1086 1747 1217 1803 ὅταν

398 1831 575 1902 ἄνδρα
605 1839 770 1902 φίλον
801 1831 1033 1905 στενάχῃ
1064 1856 1143 1896 τις
1175 1836 1235 1888 ἐν
1265 1841 1411 1908 οἴκῳ.

337 1929 460 1976 Stob.
487 1930 605 1976 Flor.
637 1930 754 1988 122,
783 1931 826 1975 7.
887 1946 950 1975 vs.
981 1933 1003 1974 1
1036 1945 1079 1973 τι
1107 1930 1274 1975 addidit
1301 1931 1558 1976 Meinekius.

974 2050 1075 2102 266

397 2123 462 2181 τὰ
492 2125 595 2196 γὰρ
627 2123 727 2182 οὐκ
757 2123 938 2196 ὀρθῶς
970 2122 1297 2208 πρασσόμεν’
1333 2123 1515 2189 ὀρθῶς

396 2223 508 2275 τοῖς
539 2208 881 2281 πράσσουσιν
911 2209 1080 2264 κακὸν
1105 2209 1291 2280 ἠλθεν.

334 2307 456 2352 8101).
484 2307 572 2352 Ecl.
605 2308 650 2365 1,
679 2307 726 2363 3,
755 2307 818 2353 35
848 2322 891 2366 p.
925 2306 1035 2351 124.

935 2476 1125 2517 ATFH

336 2565 563 2624 Aristoph.
601 2565 702 2609 Ran.
744 2564 902 2611 1080:
948 2552 1004 2608 οὗ
1048 2578 1366 2624 προαγωγους
1410 2551 1634 2618 κατέσειξ
1679 2576 1819 2617 ουτος

235 2633 500 2694 (Euripides)
528 2629 611 2678 καὶ
638 2629 892 2686 τικτούσας
919 2628 969 2677 ἐν
995 2634 1095 2688 τοῖς
1120 2630 1291 2688 ἱεροῐςς
1319 2634 1392 2679 ubi
1416 2633 1624 2678 Scholion
1651 2633 1818 2678 codicis

234 2704 367 2748 Paris.
387 2704 546 2750 2821.
571 2695 825 2757 τικτούσας
850 2699 938 2763 μὲν
964 2699 1014 2747 ἐν
1041 2704 1140 2757 τοῖς
1166 2701 1313 2761 ἱεροῖς
1291 2733 1330 2758 ,
1361 2693 1423 2756 ὡς
1448 2717 1477 2758 η
1496 2695 1640 2762 Αυχη
1666 2717 1695 2758 η
1722 2703 1816 2746 θυ-

234 2766 387 2833 γάτηρ
426 2763 594 2818 Ἀλέου
630 2769 780 2830 ἱέρεια
814 2764 936 2818 οὖσα
972 2771 1188 2831 Αθηιᾶς
1224 2768 1277 2816 ἐν
1309 2770 1376 2835 τῷ
1403 2769 1517 2835 ἱερῷ
1534 2769 1699 2847 γεννᾶ
1734 2763 1820 2815 τὸν

237 2837 475 2901 Τήλεφον.
550 2843 624 2888 Su
627 2843 692 2887 zm
730 2843 818 2888 xlu
864 2859 906 2903 p.
947 2843 1070 2888 615:
1115 2821 1391 2900 Εὐριπίδης
1430 2814 1472 2886 6'
1520 2829 1616 2885 ὑπὸ
1649 2830 1818 2886 Αλέου

236 2909 355 2971 φησὶ
383 2911 469 2958 τοῦ
494 2911 580 2971 τῆς
605 2905 775 2973 Αὔγης
799 2903 978 2975 πατρὸς
1012 2909 1078 2967 εἰς
1105 2905 1325 2975 λαρνακα
1350 2925 1440 2969 την
1467 2906 1644 2971 Αὔγην
1670 2926 1810 2955 κατα-
