2077 3139
786 97 1114 139 ΠΟΑΤΙΔΟΣ
1656 94 1754 145 173

169 255 270 287 mus
302 228 582 300 ἀνατροπὴν
615 236 701 284 τοῦ
728 232 790 299 οὲἡ
816 236 959 297 πενίη
986 234 1167 297 σοφίην
1192 234 1358 299 ἐ’λαχε’
1387 239 1586 299 scripsit.
1639 249 1754 298 συγ-

168 305 302 371 γενές
326 311 542 369 Clemens,
569 304 797 370 δυστυχές
825 309 948 354 Stob.

919 401 1020 452 643

336 486 404 547 οὔ
436 490 538 561 γὰρ
569 487 715 562 παρὰ
745 495 986 562 κρατῆρα
1017 491 1108 545 καὶ
1137 494 1340 560 θοίνην
1369 488 1540 560 μόνον

338 572 400 630 τὰ
430 570 650 646 χρήματ’
682 570 1065 644 ἀνθρώποισιν
1095 571 1296 643 ἡδονὰς
1328 579 1452 644 ἔχει,

336 656 448 713 ἀλλ’
486 659 546 713 ἐν
576 671 789 713 κακοῖσι
823 655 1060 728 δύναμιν
1089 655 1154 712 οὐ
1185 655 1386 728 μικρὰν
1416 658 1589 729 φέρει.

275 753 399 799 Stob.
427 754 545 799 Flor.
574 754 656 812 91,
684 754 728 800 8.
780 768 844 799 vs.
876 755 902 798 1
940 743 998 797 οὐ
1033 743 1128 813 γάρ
1155 769 1198 798 τι
1225 749 1498 811 Meinekius‚
1535 744 1627 797 οὐκ
1664 738 1758 813 ἆρα

170 824 334 869 malim.
386 838 452 868 vs.
476 823 504 868 2
533 831 576 867 et
603 823 632 870 3
665 819 758 882 ἔχει
785 831 829 868 et
855 818 991 882 φέρει
1019 824 1351 883 transponenda
1375 825 1593 882 suspicor.

913 944 1018 995 644

338 1031 481 1104 βαρὺ
512 1030 571 1088 τὸ
603 1028 834 1104 φρόνημ’
868 1042 1040 1105 οἰησις
1073 1029 1384 1105 ἀνθρώπου
1415 1036 1601 1088 κακοῦ.

275 1129 397 1175 Stob.
435 1130 552 1175 Flor.
583 1129 750 1186 22,1;
798 1119 1077 1185 Ευριπίὸου
1113 1124 1321 1204 Γλαύκῳ
1358 1129 1534 1207 (lemma
1573 1144 1656 1175 om.
1683 1129 1758 1188 M).

170 1190 326 1261 εβαρὺ
350 1188 402 1242 τὸ
429 1224 492 1231 -
520 1199 703 1244 κακοῦ’
711 1193 906 1261 ,βαρύ
930 1215 975 1244 τι
1001 1200 1163 1245 malim.
1210 1188 1398 1260 φόρημ’
1430 1199 1686 1245 Salmasius.

919 1307 1022 1358 645

337 1391 668 1461 δ’τανκακός
697 1419 776 1462 τις
809 1397 868 1451 ἐν
898 1396 1051 1451 πόλει
1082 1393 1300 1467 πράσσῃ
1332 1399 1528 1466 καλῶς,

335 1493 523 1535 νοσεῖν
551 1487 737 1551 τίθησι
765 1484 877 1534 τῶν
907 1475 1215 1551 ἀμεινόνων
1244 1480 1469 1551 φρένας,

339 1559 658 1634 παράδειγμ’
693 1569 914 1635 ἔχοντας
944 1567 1054 1619 τῶν
1085 1568 1268 1618 κακῶν
1300 1566 1566 1630 ἐξουσίαν.

276 1659 400 1705 Stob.
427 1659 547 1706 Flor.
573 1659 659 1718 45,
686 1659 743 1705 3:
791 1657 877 1704 τοῦ
903 1652 1055 1704 αὑτοῦ
1082 1649 1309 1723 Γλαύκῳ.
1367 1651 1508 1704 (ὅταν
1533 1685 1604 1692 —-
1629 1654 1758 1717 ἐξου-

171 1726 328 1774 σιάν’.

923 1793 1026 1846 646

339 1881 520 1948 οὐδεὶς
551 1886 886 1956 παρανομῶν
917 1882 1051 1955 πρὸς
1081 1881 1249 1948 θεοὺς
1282 1883 1550 1954 ἐχέγγυος.
1604 1895 1612 1904 “

277 1979 403 2029 Stob.
431 1979 521 2026 Ecl.
551 1981 597 2038 1,
625 1981 673 2038 3,
703 1981 766 2028 39
793 1996 836 2042 p.
866 1980 980 2028 126.

923 2101 1022 2153 647

340 2172 482 2233 οἷσθ’
515 2168 616 2233 οὖν
645 2172 674 2233 ὃ
708 2179 941 2250 δρᾶσονς

278 2272 426 2318 Schol.
464 2278 537 2319 Ar.
574 2275 751 2320 Thesm.
790 2274 912 2321 870:
963 2262 1124 2318 (οἶσθ’
1155 2270 1455 2333 -ὃρᾶσον’
1485 2263 1762 2333 Εὐριπίδης

174 2338 424 2405 Πολυΐὸῳ.
465 2343 598 2401 Greg.
627 2343 728 2390 Cor.
755 2359 796 2404 p.
815 2345 876 2389 17
905 2359 1000 2403 sq.:
1039 2337 1121 2387 καὶ
1148 2334 1472 2403 Εὐριπίδης’
1450 2358 1501 2387 εν
1526 2340 1760 2408 Πολυῖὁῳ

174 2409 243 2475 τῷ
271 2403 517 2471 ὄραματι*
531 2403 666 2458 οἶσθ’
698 2439 763 2445 -
790 2409 997 2472 δρᾶσον’
1035 2404 1143 2457 ἀντὶ
1185 2412 1273 2458 τοῦ
1293 2407 1486 2474 ὁράσεις
1522 2392 1758 2475 ἕξηνεγκε.

174 2482 331 2527 iisdem
357 2481 503 2528 verbis
531 2497 637 2528 usus
665 2490 735 2528 est
760 2482 861 2529 Eur.
890 2483 992 2528 Hec.
1023 2483 1122 2529 225
1151 2490 1196 2528 et
1222 2483 1338 2529 alibi.

921 2602 1023 2655 648

342 2677 617 2749 ὃιαβαλλω

278 2773 514 2820 Erotianus
542 2776 686 2821 Gloss.
712 2776 922 2836 Hippocr.
949 2791 991 2836 p.
1008 2776 1090 2835 62,
1108 2777 1196 2824 13·
1226 2769 1630 2854 ὄιεβληθησαν-
1646 2772 1762 2839 μέμ

175 2854 315 2901 νηται
338 2841 425 2902 τῆς
450 2840 612 2901 λέξεως
637 2840 720 2890 καὶ
747 2840 798 2889 ἐν
825 2842 1079 2911 Πολυείδῳ
1106 2842 1186 2892 καὶ
1214 2842 1265 2891 ἐν
1284 2837 1497 2911 Ὀρέστῃ.
