2077 3139
336 127 440 180 232
1026 121 1256 172 ΦΡΙΞΟΣ

443 274 586 334 Etym.
615 273 670 318 M.
700 287 743 332 p.
771 271 892 330 410,
918 270 1009 316 45:
1036 260 1089 314 τὸ
1116 257 1470 329 προστακτικὸν
1498 266 1573 330 ζη,
1603 254 1665 324 ὧς
1690 261 1799 330 παρ’
1827 257 1927 314 Εὖ-

339 339 508 407 ριπίδῃ
532 368 599 375 —-
626 337 677 386 ἐν
706 339 872 406 Φρίξῳ
880 308 993 384 εδι’
1024 335 1215 395 ἐλπίδος
1246 365 1302 372 —-
1332 336 1560 400 τρέφου’.

1084 473 1186 526 824

506 566 718 641 χρῄζων
748 564 958 632 ἀνοῖξαι
986 565 1086 637 μὲν
1116 563 1302 635 σιρούς
1332 560 1432 619 οὐκ
1462 561 1653 634 ἠξίουν

423 665 587 740 Etym.
613 665 666 710 M.
706 680 748 724 p.
781 663 908 722 714,
937 663 1026 708 21:
1064 658 1214 719 σιροί,
1251 649 1302 706 τὸ
1329 652 1627 738 ἐπιτήδειον
1642 648 1838 738 ἀγγεῖον
1864 656 1931 716 εἰς

336 724 579 780 ἀπόθεσιν
613 732 782 795 πυρῶν
819 728 901 777 καὶ
937 730 1036 778 τῶν
1071 721 1232 777 αλλων
1264 722 1482 792 οσπρίων
1509 756 1572 763 -
1599 719 1629 788 ἡ
1666 722 1807 808 τριβὴ
1845 729 1931 788 τῆς

339 797 656 883 ἀναγνωσεως
694 799 894 848 ἐκτείνει
930 792 1073 858 αὐτό,
1118 791 1392 861 εὑρίσκεται
1437 796 1488 847 δὲ
1524 796 1605 845 καὶ
1641 792 1828 861 βραχύ
1869 792 1934 854 ὡς

339 868 449 934 παρ’
479 865 731 937 Εὐριπίδῃ
759 868 808 917 ἐν
831 871 995 937 Φρίξῳ
1023 868 1253 936 (δευτέρῳ
1291 872 1412 918 adda
1438 872 1536 917 cod.
1562 872 1679 916 Flor.
1707 873 1752 916 in
1773 870 1932 917 Milleri

339 947 588 1004 Me'lanyes
612 947 669 991 de
694 947 782 991 litt.
814 945 894 991 Gr.
923 959 966 1003 p.
997 939 1118 1003 266)
1149 919 1362 1006 χρῄζων
1386 967 1457 974 --
1481 931 1697 999 ἠξίουν’.
1743 933 1933 1003 χρῃζων

339 1017 438 1063 cod.
467 1017 604 1073 Flor.,
629 1009 713 1058 καὶ
739 1030 837 1074 μην
863 1014 960 1059 cod.
985 1015 1017 1057 V
1046 1021 1160 1059 teste
1183 1012 1316 1057 Gaiss
1345 1007 1445 1070 (καὶ
1471 1009 1577 1070 μῶν
1602 1018 1719 1056 teste
1746 1011 1893 1056 Valck
1898 1011 1931 1069 ),

339 1089 477 1132 ceteri
513 1086 690 1131 codices
725 1086 842 1131 sicut
878 1085 1015 1129 Draco
1064 1098 1105 1143 p.
1146 1083 1239 1141 82,
1278 1082 1307 1128 3
1345 1085 1571 1128 omittunt.
1629 1074 1799 1140 ἠξίουν
1833 1081 1933 1126 cod.

338 1158 479 1216 Flor.,
504 1146 640 1215 ἠξίου
667 1157 821 1200 ceteri.

1091 1245 1194 1297 825

515 1342 576 1394 αἱ
599 1337 703 1410 γὰρ
734 1334 917 1401 πόλεις
950 1333 1050 1392 εἴσ’
1087 1332 1304 1407 ἄνδρες,
1336 1330 1440 1390 οὐκ
1473 1336 1680 1406 ἐρημία.

448 1437 571 1483 stol).
600 1436 722 1481 Flor.
750 1434 843 1493 43,
868 1433 917 1479 4.

1095 1525 1196 1578 826

511 1615 649 1689 ἀνὴρ
682 1614 731 1672 δ’
768 1612 826 1681 ὃς
859 1615 1000 1671 εἶναι
1029 1616 1228 1686 φησὶν,
1261 1609 1422 1684 ἄνδρ’
1456 1609 1557 1669 οὐκ
1587 1610 1739 1680 ἄξιον

512 1699 694 1758 δειλὸν
725 1703 1028 1770 κεκλῆσθαι
1067 1700 1160 1754 καὶ
1190 1712 1376 1754 νοσεῖν
1408 1696 1637 1769 αἰσχρὰν
1668 1694 1848 1755 νόσον.

449 1799 575 1845 Stob.
604 1797 723 1843 Flor.
752 1797 810 1855 8,
839 1798 884 1843 7.

1095 1875 1193 1927 827

512 1965 694 2038 λάτρις
725 1967 986 2036 πενέστης
1015 1962 1148 2037 ἁμὸς
1178 1960 1421 2037 ἀρχαίων
1453 1960 1637 2035 δόμων

450 2064 700 2123 A111.V1p.
730 2062 902 2110 2640:
940 2050 1216 2121 Εὐριπίδης
1251 2050 1294 2106 δ’
1336 2056 1385 2106 ἐν
1396 2058 1585 2137 Φρίξῳ
1621 2051 1817 2122 λατριας
1842 2051 1933 2104 αὖ-

344 2127 459 2189 τούς
496 2123 630 2194 (τους
655 2129 908 2193 πενέστας)
944 2123 1168 2191 ὅνομαζει
1205 2123 1286 2177 δια
1322 2124 1505 2176 τούτων
1541 2124 1734 2191 ελατρις
1758 2156 1826 2163 -
1853 2123 1932 2175 δό·

344 2205 497 2265 μωνῆ
549 2204 865 2264 repetitEust.
895 2203 942 2248 ll.
969 2217 1013 2263 p.
1045 2202 1196 2261 1090,
1226 2202 1307 2250 50.

1093 2336 1194 2389 828

515 2435 766 2484 πολλοῖσι
798 2427 1011 2492 δούλοις
1042 2423 1265 2498 τοῦνομ’
1300 2423 1543 2498 αἰσχρόν,
1576 2420 1608 2495 ἡ
1641 2425 1701 2481 δὲ
1729 2422 1881 2497 φρὴν

516 2515 625 2568 τῶν
656 2509 777 2583 οὐχὶ
810 2509 1024 2567 δούλων
1056 2507 1166 2566 ἔστ’
1203 2511 1622 2581 ἐλευθερωτέρα.

453 2608 576 2655 Stob.
604 2609 722 2654 Flor.
754 2608 836 2667 62,
864 2608 947 2654 39.

520 2796 571 2846 εἰ
601 2787 652 2846 δ’
689 2787 918 2861 εὐσεβὴς
959 2784 1036 2845 ω”ν
1066 2803 1207 2846 τοῖσι
1239 2785 1688 2860 δυσσεβεστάτοις

520 2879 596 2939 εἰς
627 2872 776 2930 ταῦτ’
814 2880 1108 2946 ἔπρασσον,
1141 2875 1254 2939 πῶς
1285 2871 1402 2929 τάδ’
1439 2869 1508 2928 ἂν
1538 2877 1712 2936 καλῶς
1745 2875 1875 2943 ἔχοι,
