2077 3139
789 135 1110 175 ΑΡΧΕΛΑΟΣ
1675 125 1741 179 57

330 276 657 352 δυνάμεσθ’·
692 283 768 333 ἔτι
800 277 901 348 γὰρ
933 275 1126 333 θάλλει
1156 280 1317 330 πενία

327 363 494 420 κακὸν
524 371 797 434 ἔχθιστον,
830 359 1025 432 φεύγει
1059 357 1105 414 δ’
1140 358 1313 428 ὄλβος,

266 461 389 506 Stob.
418 461 536 506 Flor.
565 460 648 517 96,
676 459 721 505 3.

908 564 1010 615 233

330 653 485 726 ἡμῶν
514 661 568 710 τί
598 658 733 724 δῆτα
763 652 1048 725 τυγχάνεις
1079 658 1268 724 χρείαν
1299 657 1464 722 ε”χων;

329 739 578 808 πατέρων
607 737 711 809 γὰρ
744 741 961 794 ἐσθλῶν
993 741 1215 801 ἐλπίδας
1247 740 1413 800 δίδως
1444 731 1634 805 γεγώς.

267 835 391 882 Stob.
420 835 536 881 Flor.
566 836 649 893 88,
678 835 724 881 3.

902 954 1007 1007 234

337 1062 395 1115 ἐν
424 1072 535 1125 τοῖς
565 1063 772 1122 τέκνοις
803 1056 905 1129 γάρ
937 1055 1097 1128 ἁρετὴ
1129 1061 1240 1112 τῶν
1272 1052 1513 1127 εὐγενῶν

333 1150 558 1213 ἔλαμψε,
591 1141 847 1212 κρεῖσσόν
876 1139 915 1196 τ’
954 1142 1064 1196 ἐστὶ
1095 1146 1362 1196 πλουσίου
1393 1162 1571 1210 γαμου

331 1228 512 1297 γένος·
545 1227 711 1296 πένης
741 1249 843 1295 γαρ
875 1223 975 1280 οὐκ
1008 1221 1164 1279 ἐκεῖν’
1198 1221 1481 1279 ἆπωλεσεν

331 1307 389 1365 τὸ
419 1313 515 1365 τοῦ
546 1309 746 1382 πατρὸς
776 1323 1048 1379 γενναῖον.

270 1407 393 1453 Stob.
419 1407 540 1452 Flor.
570 1407 661 1465 88,
691 1407 747 1452 5:
786 1405 874 1450 τοῦ
908 1396 1061 1450 αὐτοῦ
1090 1401 1167 1464 (sc.
1195 1392 1337 1464 Εὗρ.)
1360 1393 1617 1465 Ἀρχελάῳ.
1670 1397 1752 1447 εἐν

165 1477 264 1531 τοῖς
291 1501 354 1508 --
382 1469 568 1536 yoiyov'
608 1474 687 1539 (vs.
720 1477 744 1520 1
787 1483 831 1520 et
858 1474 922 1536 2).
980 1490 1043 1521 vs.
1083 1475 1112 1520 3
1148 1469 1284 1534 γένος
1317 1475 1477 1519 addidi.
1535 1487 1648 1533 quae
1684 1488 1752 1518 se-

167 1554 367 1607 quuntur
403 1547 508 1591 olim
547 1561 645 1591 cum
683 1546 736 1590 fr.
767 1545 866 1592 233
895 1545 1128 1605 copulata,
1155 1539 1304 1603 πένης
1332 1569 1395 1575 -
1423 1544 1678 1604 γενναῖον,
1707 1545 1750 1587 h.

166 1617 194 1662 l.
223 1616 386 1662 habent
410 1617 500 1674 ΒΜ,
528 1630 614 1661 om.
641 1616 806 1660 AVind.

909 1735 1013 1787 235

336 1827 422 1882 σοὶ
458 1824 500 1880 δ’
539 1825 711 1893 εἶπον,
746 1816 787 1880 ὦ
818 1837 935 1894 παῖ,
968 1823 1061 1888 τὰς
1091 1821 1255 1895 τύχας
1288 1826 1346 1879 ἐκ
1377 1827 1486 1879 τῶν
1516 1821 1704 1880 πόνων

336 1913 544 1981 θηρᾶν·
578 1905 707 1982 ὁρᾷς
739 1907 844 1981 γὰρ
877 1911 1083 1980 πατέρα
1116 1908 1216 1964 σὸν
1246 1905 1573 1979 τιμώμενον.

276 2008 403 2053 stoh.
430 2008 546 2053 Flor.
575 2007 657 2065 29,
687 2007 766 2053 13.

911 2112 1013 2164 236

339 2203 537 2272 πατρὸς
571 2200 614 2258 δ’
651 2199 860 2272 ἀνάγκη
893 2203 1046 2256 παισὶ
1078 2206 1377 2257 πείθεσθαι
1409 2199 1567 2276 λόγῳ.

277 2300 397 2346 Stob.
424 2300 539 2346 Flor.
569 2300 651 2358 79,
682 2300 760 2345 19.

914 2405 1015 2456 237

343 2503 614 2560 πλουτεῖς·
648 2493 674 2550 ὁ
707 2497 939 2558 πλοῦτος
973 2491 1018 2549 δ’
1056 2490 1269 2566 ἀμαθία
1303 2492 1485 2550 δειλόν
1516 2491 1567 2549 θ’
1604 2491 1727 2565 ἅμα.

279 2593 402 2639 Stoh.
429 2593 546 2638 Flor.
575 2592 657 2649 93,
688 2591 765 2636 12.

914 2697 1016 2749 238

343 2787 447 2844 σὺν
476 2793 718 2859 μυρίοισι
748 2788 812 2841 τὰ
844 2786 980 2842 καλὰ
1009 2791 1252 2857 γίγνεται
1284 2784 1486 2849 πόνοις.

282 2885 406 2931 Stoh.
435 2885 550 2929 Flor.
579 2883 661 2942 29,
687 2882 768 2928 44.
814 2874 926 2944 σὺν]
958 2877 1008 2927 ἐν
1036 2884 1146 2929 Men.
1177 2897 1291 2928 mon.
1324 2883 1437 2928 176.

2063 2404 2069 2552 x—..u—-*
2064 2342 2067 2352 Δ
2064 2262 2077 2322 ,ὲ--Δ
2065 2215 2068 2223 .
2075 2187 2077 2195 ᾼ
