2077 3139
282 99 385 152 104
1030 99 1139 143 mse

445 239 546 317 τὴν
575 244 676 316 μὲν
706 244 810 317 γὰρ
844 241 1128 316 εὐγένειαν
1159 247 1413 302 αἰνοῦσιν
1444 252 1649 318 βροτοί,

445 333 654 402 μᾶλλον
687 330 748 385 δε
779 328 1076 401 κηδεύουσι
1105 344 1217 394 τοῖς
1249 329 1589 403 εὐδαίμοσιν.

384 427 509 473 Stob.
546 427 664 472 Flor.
703 427 797 486 92,
835 427 879 474 3.
947 443 1009 473 vs.
1051 427 1079 471 2
1117 435 1161 473 et
1204 427 1234 474 3
1281 428 1410 474 affert
1443 428 1712 474 Aiisloteles
1749 443 1792 488 q.
1829 429 1873 475 d.

275 491 389 553 περὶ
414 486 656 558 εὐγενείας
682 499 726 542 111
754 497 880 542 Stob.
903 497 1021 543 Flor.
1049 497 1132 556 86,
1161 496 1242 544 25.
1289 514 1354 544 vs.
1382 498 1412 545 3
1439 499 1538 552 τοῖς
1565 490 1870 560 εὐδαίμοσιν]

278 568 401 612 τοῖσι
427 563 677 622 πλουσίοις
703 567 827 613 Stob.
854 567 974 613 Flor.
1002 568 1086 626 86,
1115 534 1197 615 25.
1241 569 1398 613 τοῖσιν
1425 555 1607 629 ὀλβίοις
1634 568 1681 614 Ο.
1710 569 1871 614 Hense.

450 788 566 848 ἄλλ’
602 801 754 865 εἴπερ
788 799 935 848 ἔστιν
967 795 1026 848 ἐν
1057 799 1273 864 βροτοῖς
1305 797 1675 863 ψευδηγορεῖν

451 875 684 947 πιθανά,
716 882 956 948 νομίζειν
986 874 1087 949 χρή
1120 894 1181 931 σε
1211 879 1302 932 καὶ
1332 873 1674 947 τούναντίον,

453 957 631 1017 ἄπιστ’
665 957 850 1031 ἀληθῆ
881 959 1054 1016 πολλοὶ
1085 965 1414 1032 συμβαίνειν
1445 967 1675 1031 βροτοῖς.

381 1060 570 1104 Aristot.
595 1058 720 1103 Rhet.
750 1058 798 1116 2,
828 1057 891 1104 23
919 1073 960 1117 p
993 1058 1126 1104 1397
1154 1073 1176 1102 a
1207 1058 1267 1102 17
1297 1045 1877 1117 0111.ρ.11001..ἆλλ’-

276 1124 514 1188 sspowl'g'.
566 1128 644 1172 ubi
671 1128 846 1173 Scholia
874 1126 951 1173 sol.
980 1126 1045 1173 43
1075 1127 1101 1172 h
1139 1126 1230 1173 27:
1267 1118 1544 1203 Εὐριπίδου
1570 1120 1723 1171 ταῦτα
1757 1139 1876 1186 φησι

277 1190 398 1275 πρὸς
441 1189 525 1242 τὸν
562 1193 807 1257 Θυέστην,
849 1187 903 1253 ὃς
945 1189 1098 1242 ταῦτα
1142 1208 1263 1256 φησι
1302 1187 1423 1258 πρὸς
1461 1187 1548 1243 τὸν
1587 1186 1756 1260 Ἀτρέα
1791 1188 1877 1242 τὸν

279 1258 499 1328 αδελφὸν
525 1261 697 1313 αὐτοῦ.

446 1425 588 1479 θεοῦ
616 1423 876 1488 θέλοντος
908 1419 1011 1478 κᾶν
1037 1425 1124 1479 ἐπὶ
1150 1420 1309 1494 ῥιπὸς
1339 1425 1538 1488 πλέοις.

385 1521 522 1566 Orion
549 1521 669 1567 Flor.
697 1521 756 1579 5,
793 1521 822 1567 6
862 1535 906 1580 p.
935 1520 1063 1579 255,
1101 1521 1189 1567 25τ
1227 1515 1279 1564 ἐκ
1316 1523 1405 1566 τοῦ
1443 1518 1671 1566 Θυέστου.
1722 1517 1877 1565 εθεοῦ

275 1615 347 1626 -
372 1586 580 1646 πλέοιςῆ
636 1591 862 1651 Euripidis
888 1591 1126 1670 Thyestem
1154 1591 1237 1636 dici
1279 1591 1510 1652 probabile
1538 1599 1633 1647 θεὶς
1670 1594 1877 1651 sequitur

279 1663 396 1707 enim
437 1675 538 1707 cum
581 1660 788 1706 lemmate
828 1654 881 1705 ἐκ
917 1658 1003 1705 τοῦ
1038 1651 1191 1706 αὐτοῦ
1230 1661 1284 1706 sr.
1327 1660 1442 1707 395.
1507 1660 1778 1736 Theophilus
1822 1662 1876 1707 ad

279 1731 592 1786 Αο101.2,8
636 1746 681 1791 p.
722 1730 810 1777 72:
856 1725 939 1775 καὶ
979 1726 1175 1787 Θέστιος
1213 1729 1364 1776 εθεοῦ
1399 1725 1631 1786 θέλοντος
1666 1746 1760 1774 nav
1795 1726 1874 1776 ἐπὶ

281 1792 424 1856 ῥιπὸς
458 1796 605 1862 πλέῃς
639 1793 815 1865 σφ’ζῃῆ
877 1801 994 1847 Plut.
1024 1803 1133 1848 Mor.
1168 1817 1210 1862 p.
1239 1801 1339 1848 405
1368 1802 1420 1846 B:
1461 1797 1512 1846 εἴ
1539 1815 1593 1862 γε
1627 1797 1878 1859 Πίνδαρος

280 1872 347 1930 ην
384 1859 410 1917 6
445 1883 655 1930 ποιησας
689 1869 843 1916 εθεού
872 1896 942 1903 —
977 1867 1185 1927 πλέοις.
1245 1872 1433 1917 eundem
1470 1886 1647 1916 versum
1684 1872 1878 1918 afferunt

282 1943 432 1989 Schol.
469 1945 543 1988 Ar.
582 1942 682 1989 Pac.
719 1942 817 1988 699
864 1941 1015 1988 Schol.
1044 1943 1143 1987 Eur.
1171 1942 1339 1987 Phoen.
1376 1941 1473 1988 395
1521 1942 1668 1987 Schol.
1695 1942 1877 1988 Lucian.

283 2029 326 2073 p.
358 2012 456 2058 117
503 2011 901 2070 Stob.Ec1.1,2,
932 2011 993 2058 19
1023 2027 1064 2072 p
1093 2013 1157 2059 38
1204 2011 1315 2056 Men.
1345 2025 1464 2057 mon.
1494 2012 1591 2058 671
1639 2013 1796 2059 Macar.
1824 2012 1877 2072 4,

285 2082 367 2129 69.
393 2083 606 2159 respicit
632 2081 854 2127 Lucianus
884 2082 1080 2127 llermot.
1109 2083 1172 2129 28
1199 2082 1283 2127 vol.
1316 2083 1341 2127 1
1379 2096 1424 2140 p.
1453 2081 1575 2128 768:
1612 2075 1687 2126 ἐπὶ
1717 2074 1875 2142 ριπός,

285 2168 351 2207 ως
376 2140 406 2210 ἡ
434 2148 671 2212 παροιμία
697 2148 840 2209 φησί,
876 2141 959 2195 τὸν
987 2148 1197 2212 Αἰγαῖον
1223 2165 1254 2208 η
1283 2144 1367 2197 τὸν
1382 2145 1562 2197 Ιόνιον
1589 2148 1875 2197 διαπλεῦσαι

281 2218 526 2277 θέλοντες.
600 2223 794 2281 denique
836 2224 912 2267 Ar.
957 2223 1055 2268 Pac.
1101 2222 1225 2270 699.
1268 2227 1444 2268 ΤΡΤΓ.
1487 2216 1538 2265 ἐκ
1583 2220 1671 2267 τοῦ
1715 2223 1877 2281 Σοφο-

282 2288 452 2347 κλέους
476 2287 999 2369 γίγνεταιΣιμωνίὸης.
1041 2296 1179 2337 ΕΡΜ.
1214 2287 1521 2350 Σιμωνίδης,
1549 2290 1677 2347 πῶς;
1705 2295 1877 2338 TPTP.

284 2355 357 2408 ὅτι
399 2358 554 2423 γέρων
601 2351 669 2407 ὢν
711 2357 794 2406 καὶ
839 2351 1023 2418 σαπρὸς
1066 2357 1269 2418 κέρδους
1313 2357 1447 2407 ἕκατι
1485 2351 1580 2406 κᾶν
1620 2357 1697 2406 ἐπὶ
1735 2352 1879 2419 ριπὸς

283 2427 436 2478 πλέοι.
491 2448 579 2493 quo
618 2432 719 2477 1000
747 2434 837 2478 nixi
863 2433 939 2477 alii
966 2433 1208 2490 Simonidi,
1237 2433 1310 2479 alii
1339 2433 1554 2494 Sophocli
1581 2447 1758 2478 versum
1786 2433 1877 2477 vin·

239 2550 242 2553 Α
282 2504 515 2549 dicandum
545 2503 872 2551 existimarunt.

1015 2640 1136 2682 ΙΝΩ

388 2728 594 2788 Hyginus
632 2727 712 2773 sab.
751 2727 807 2773 4:
847 2728 935 2774 Ino
964 2730 1226 2787 Eurz’pidis.
1277 2728 1508 2774 Athamas
1540 2730 1589 2773 in
1631 2728 1874 2774 Thessalia

283 2812 377 2844 rea:
416 2813 523 2843 cum
548 2798 740 2844 Inonem
778 2812 1002 2856 uaeorem,
1045 2813 1109 2844 ex
1143 2814 1238 2857 qua
1274 2801 1393 2844 duos
1424 2801 1548 2857 filios
1574 2831 1585 2843 .
1616 2832 1627 2843 .
1655 2832 1666 2842 .
1697 2833 1733 2855 .,
1771 2812 1875 2854 per-

283 2871 374 2914 isse
395 2874 616 2926 putaret,
655 2870 792 2914 duxit
819 2868 1068 2928 Nymphae
1095 2865 1307 2928 (Hypsei
1329 2865 1558 2929 Muncker)
1582 2869 1730 2927 filicem
1759 2868 1874 2914 The·
