2077 3139
267 129 370 184 306

345 1917 560 1960 ΧΟΡΟΣ.

886 131 1261 172 FRAGMENTA

612 268 696 319 καὶ
723 267 899 328 κάλλος
925 263 1048 332 εἶχεν
1075 267 1240 349 ἔξοχον
1266 263 1389 317 καθ’
1413 261 1635 331 Ελλάδα,

603 342 820 420 φίλτροις
846 333 1087 396 ἀφύκτοις
1114 331 1236 397 Ζευς
1262 338 1579 402 κατασχεθεις
1605 333 1764 403 πατὴρ

604 411 724 475 ευνῇ
750 412 1011 457 συνελθεῖν
1038 403 1202 468 λάθρα
1224 426 1328 495 πως
1351 404 1601 472 ηβούλετο.

605 482 775 540 σαφῶς
803 477 853 528 δὲ
878 480 1073 526 πείθειν
1099 474 1190 526 οὐκ
1220 477 1358 540 ἔχων,
1387 478 1453 536 εἰς
1478 472 1703 542 μηχανὴν

604 542 791 598 τοιάνδ
823 541 1045 628 έχωρησᾎ
1077 541 1139 606 ὦς
1165 544 1350 608 ἄπυρος
1375 545 1551 612 χρυσὸς
1576 546 1742 613 γεγώς,
1814 566 1870 605 30

605 617 808 667 ποθειι
788 637 847 666 ον
874 611 1013 676 εἰδώς
1039 620 1198 681 κτῆμα
1224 619 1366 666 τοῦτο
1394 623 1492 676 τοῖς
1519 621 1726 683 βροτοῖς,

609 682 691 736 διὰ
719 688 915 752 στέγους
944 683 1161 766 ρεύσειεν
1188 686 1238 735 ἐν
1265 686 1427 752 χερσὶν
1452 685 1616 750 κόρης.

606 753 640 820 ἢ
671 753 714 805 δ’
744 754 993 837 ἀγνοοῦσα
1019 751 1104 805 τὸν
1132 758 1464 820 κεκρυμμένον
1492 756 1637 807 δόλον

607 825 833 877 κόλποισι
859 822 942 877 τὸν
968 820 1091 875 θεὸν
1118 822 1345 890 εἰσρέοντ’
1377 826 1580 888 ἐδέξατο.

606 894 763 986 χρόνῳ
790 892 836 946 δ
845 891 1044 980 ἑαυτὴν
1073 894 1138 956 ὧς
1164 894 1345 946 κατεῖδ
1376 895 1637 963 ἐγκύμονα,
1815 913 1869 954 35

608 970 674 1027 εἰς
700 961 856 1032 θαῦμ’
889 964 1018 1048 ἐσῄει
1046 960 1405 1048 κάξεπέπληκτο
1431 968 1674 1029 σφοδρῶς,

608 1031 672 1097 ὦς
710 1038 777 1095 εἰς
822 1033 924 1087 τόδ
963 1031 1092 1100 ἦλθε
1118 1036 1306 1100 μέμψιν
1328 1030 1680 1119 ευλαβουμένη.

607 1110 753 1187 φυγῇ
771 1107 822 1157 δὲ
847 1104 1011 1172 λάθρα
1037 1108 1179 1171 τησδε
1205 1110 1294 1172 γῆς
1320 1100 1607 1171 ὁρμωμένην

608 1170 789 1238 μαθων
814 1174 979 1241 πατήρ
1006 1197 1104 1239 νιν,
1134 1174 1532 1257 έγκατάκλειστον
1561 1174 1725 1241 δόμοις

604 1240 728 1329 οργῇ
756 1247 992 1310 χολωθεὶς
1017 1246 1098 1296 καὶ
1124 1241 1281 1315 σκότῳ
1309 1246 1508 1311 κρύψας
1535 1248 1648 1312 ἔχει
1813 1263 1869 1302 4ο

610 1311 820 1379 τάληθὲς
845 1313 960 1399 ὄψει
985 1301 1415 1381 προσκοπούμενος
1441 1324 1646 1381 μαθεῖν·

603 1407 700 1436 καν
724 1380 860 1436 ταῦτ’
862 1379 1055 1466 αληθῆ
1080 1386 1162 1435 καὶ
1190 1390 1357 1451 σαφῶς
1386 1383 1541 1451 ἔχοντ’
1572 1389 1673 1456 ἴδῃ,

607 1456 818 1537 ε’γνωκεν
843 1451 991 1521 άμφω
1015 1458 1244 1516 ποντίους
1270 1455 1489 1524 ἀφιέναι

607 1521 697 1588 τὴν
723 1527 877 1575 παῖδα
902 1526 983 1575 καὶ
1011 1520 1064 1575 τὸ
1091 1527 1279 1589 τεχθέν.
1335 1525 1403 1577 ὠν
1430 1528 1482 1577 δέ
1504 1519 1552 1591 γ’
1583 1522 1804 1589 ἐστάλην,

605 1593 799 1657 μύθους
829 1592 1001 1678 Δανάῃ
1027 1592 1193 1645 τούσδ’
1223 1591 1615 1662 εὐπροσηγόρους
1642 1592 1776 1662 άγων
1814 1617 1867 1655 45

608 1665 660 1714 ἐκ
692 1663 829 1725 Διός,
858 1661 1091 1749 ἀφίξομαι
1119 1682 1317 1729 ταχιστα
1343 1670 1590 1731 σημανῶν.

604 1731 854 1799 υπηρέτην
879 1755 972 1800 γαρ
998 1733 1114 1784 ὄντα
1139 1732 1536 1805 τάπεσταλμένα

606 1804 842 1867 πράσσειν
867 1803 1156 1870 προθύμως,
1181 1805 1314 1866 ὅστις
1338 1802 1399 1856 άν
1424 1806 1475 1873 γ’
1503 1807 1535 1874 ᾐ
1561 1804 1806 1872 νουνεχής.

607 1905 675 1962 τίς
701 1900 725 1952 ὁ
754 1899 1076 1970 καινοτρόπος
1103 1891 1241 1962 οὗτος
1267 1906 1429 1967 μῦθος

605 1968 713 2022 κατ’
743 1970 863 2032 ἐμάν
889 1971 1008 2035 ἡκεν
1034 1968 1246 2033 ἆκουάν;
1811 1992 1866 2032 50

612 2036 721 2092 ἔνθ
752 2039 982 2107 ἀσπερχὲς
1007 2045 1331 2106 μενεαίνουσα

603 2113 758 2162 τοῖσδε
787 2110 973 2175 δώμασι
1001 2111 1239 2175 κοιράνου
1262 2109 1529 2177 ἀμφίδοξος
1555 2111 1760 2173 πελάζω.

604 2185 674 2242 τίς
703 2181 972 2232 δεσπότιν’
950 2203 1070 2245 εμην
1100 2180 1306 2245 Δανάην

605 2248 787 2316 βαξις’
769 2255 868 2336 ε’χει
891 2273 1013 2302 κατα
1039 2250 1236 2311 πτόλιν;

602 2318 668 2383 ἣν
693 2317 868 2386 μηποτ’
901 2317 1047 2385 ὤφελ’
1078 2324 1146 2381 εἰς
1176 2319 1274 2374 ῶτα
1299 2323 1468 2385 φέρειν
1809 2339 1864 2380 55

601 2413 628 2443 ο
657 2395 847 2479 πρῶτος
871 2390 985 2442 τάδε
1010 2390 1193 2453 φράσαι
1221 2389 1477 2456 τολμήσας,

605 2455 669 2521 ῶς
694 2459 919 2526 ἐγκύμων
945 2463 1169 2525 εἴληπται
1195 2461 1447 2527 χρανθεῖσ
1478 2462 1711 2528 α’λεκτρος

605 2526 809 2594 άνδρός·
848 2527 1004 2597 πατὴρ
1034 2533 1086 2582 δέ
1108 2554 1194 2595 μιν
1220 2530 1401 2598 κλῄσας

605 2601 657 2651 έν
682 2605 966 2686 παρθενῶσι
993 2608 1226 2667 σφραγῖσι
1253 2603 1398 2666 δέμας
1423 2601 1674 2666 φυλάσσει.

601 2666 737 2721 ταῦτ’
768 2669 989 2751 ἐτήτυμα
999 2678 1181 2736 μαθεῖν
1207 2673 1350 2723 θέλω.
1806 2688 1862 2728 60

601 2733 706 2790 αλλ’
737 2742 908 2824 εἰσορῶ
931 2762 1026 2807 γαρ
1051 2742 1301 2804 τύραννον
1327 2737 1508 2806 χθονὸς
1535 2736 1673 2805 τῆσδ’

594 2807 812 2892 Ἀργείας
831 2806 1077 2875 Ἀκρίσιον
1103 2805 1196 2873 πρὸ
1224 2807 1386 2875 δόμων
1412 2814 1676 2875 στείχοντα.

599 2875 725 2948 ὀργῇ
749 2877 918 2946 βαρύς,
947 2879 1011 2941 ὦς
1037 2878 1190 2943 δόξαι,
1217 2881 1350 2945 κέαρ.
