2077 3139
758 95 1089 140 ΕΡΕΧΘΕΤΣ
1646 93 1715 147 95

864 231 990 285 368³

294 318 582 380 τοῦνθένδ’
614 318 854 394 απίχθυς
885 319 1196 395 βαρβάρους
1226 327 1399 379 οἰκεῖν
1431 323 1575 379 δοκω

232 418 357 467 Eust.
396 420 474 466 Od.
510 434 555 479 p.
599 418 757 477 1720,
795 419 882 465 26.
920 412 970 462 ἐν
1006 414 1168 477 μέντοι
1203 415 1273 483 τῷ
1306 413 1413 477 περὶ
1451 407 1712 477 ὀνομασίας

127 480 337 547 ἡλικιῶν
372 486 457 534 τοῦ
481 486 816 564 γραμματικοῦ
857 466 1249 548 Ἀριστοφάνους
1277 483 1471 547 φέρεται
1508 484 1581 534 ότι
1620 478 1709 532 άπ-

128 556 301 616 ίχθυες
327 552 449 603 κατά
474 573 610 613 τινας
638 554 690 602 οἶ
708 548 774 617 μὴ
801 553 967 603 ἐσθίοι
957 572 1045 612 τες
1071 554 1232 616 ἰχθῦς,
1261 552 1341 601 καὶ
1370 553 1504 615 φέρει
1532 554 1712 613 ἐκεῖνος

128 623 209 672 καὶ
242 617 621 687 Ἀριστοφάνους
658 625 828 687 χρῆσιν
854 622 901 684 ἐξ
927 620 1193 686 Ἐρεχθέως
1228 619 1410 685 ταύτην
1445 620 1710 673 τούνθέν-

127 693 212 742 δεν
245 723 310 729 -
349 693 515 742 δοκώ’.
585 697 806 757 Euripidis
852 711 950 742 esse
994 698 1212 755 iambum,
1249 711 1338 742 non
1380 698 1710 758 Aristophanis,

125 768 354 812 verissime
388 767 597 813 iudicavit
633 765 899 812 Dindorfius.
948 767 1208 812 Eustathius
1244 774 1294 811 ut
1335 757 1626 827 Αοιστοφαι
1630 781 1711 822 ους

125 834 297 896 χρῆσιν
323 850 405 898 pro
433 828 708 892 Εὐριπίδου
745 834 915 896 χρῆσιν
952 837 1168 882 scriberet
1195 837 1440 881 esseeeruut
1466 838 1597 882 verba
1623 833 1711 880 τοῦ

125 905 461 967 γραμματικοῦ
481 898 880 967 Ἀριστοφάνους.
931 914 1128 952 ceterum
1154 895 1455 952 τουιθένδεν
1481 907 1605 954 Eust.

849 1040 978 1092 368ὃ

876 1132 933 1185 ἐν
964 1127 1222 1206 άστρώτςο
1255 1132 1404 1206 πέδῳ

294 1211 536 1284 εὕδουσι,
571 1225 766 1284 πηγαῖς
798 1210 844 1268 δ’
880 1209 978 1285 οὐχ
1008 1212 1368 1284 ὑγραίνουσιν
1398 1212 1584 1280 πόδας.

230 1310 431 1355 Clemens
468 1309 586 1354 Alex.
624 1309 788 1355 Strom.
827 1310 877 1354 Vl
913 1325 958 1385 p.
996 1311 1113 1357 739.
1164 1325 1224 1355 vs.
1264 1310 1292 1355 2
1329 1311 1388 1357 ef.
1424 1311 1548 1357 Eust.
1577 1312 1620 1356 11
1661 1328 1706 1371 p.

127 1379 286 1437 1058,
313 1379 344 1424 4
371 1381 422 1424 de
451 1378 604 1424 Sellis:
631 1369 655 1422 ὃ
683 1374 764 1442 καὶ
791 1374 842 1424 ἐν
867 1395 932 1459 τῳ
962 1377 1046 1423 τοῦ
1074 1371 1350 1440 Εὐριπίδου
1378 1374 1606 1440 Ἐρεχθεῖ
1630 1378 1708 1440 ‹317-

124 1447 292 1494 λοῦται
321 1441 539 1503 εἰπόντος
566 1443 642 1493 ὅτι
668 1449 845 1510 πηγαῖς
873 1441 959 1509 οὐχ
985 1442 1307 1511 ὑγραίνουσιν
1332 1443 1498 1505 πόδας.

870 1568 973 1621 369

292 1663 499 1732 μίασμα
530 1657 695 1731 δρυός

224 1756 436 1802 Prov.erh
463 1757 651 1815 append.
682 1755 738 1814 3,
766 1755 856 1802 97:
893 1751 1074 1815 μίασμα
1114 1750 1280 1818 δρυός·
1315 1745 1430 1814 παρ’
1466 1749 1709 1821 Εὐριπίδῃ

121 1817 175 1869 ἔν
209 1816 434 1885 Ἐρεχθεῖ
464 1819 798 1884 αἰνιττόμενον
832 1818 885 1870 τὸ
926 1801 1155 1885 Θηβαίωι
1190 1821 1516 1910 παρανόμημα
1550 1823 1616 1882 εἰς
1652 1825 1702 1872 τό

123 1889 174 1939 ἒν
203 1889 441 1972 Δωδώνῃ
449 1895 702 1953 μαντεῖον·
730 1920 793 1928 —-
822 1888 1068 1955 ἠσέβησαν
1093 1910 1183 1957 γαρ
1212 1893 1277 1951 εἰς
1302 1891 1393 1956 τὴν
1420 1893 1598 1956 ἱέρειαν
1627 1892 1705 1957 ἐμ-

120 1955 347 2027 βαλόντες
383 1979 538 2022 αυτην
564 1959 630 2020 εἰς
665 1955 747 2009 τὸν
775 1959 826 2009 ἐν
853 1960 1043 2011 Δωδών
1032 1982 1079 2030 ῃ
1114 1962 1289 2026 λέβητα
1315 1962 1507 2027 ζέοντα,
1547 1962 1706 2029 ἐρωτι-

121 2032 220 2090 κῶς
247 2031 555 2079 διατεθεῖσαν
581 2029 690 2089 εἰς
673 2028 758 2080 ε’να
783 2036 881 2080 τῶν
903 2037 1122 2095 θεωρῶν.

867 2157 969 2209 370

287 2250 493 2301 κείσθω
527 2245 662 2316 δόρυ
691 2269 781 2318 μοι
811 2251 968 2317 μίτον
998 2242 1359 2318 ἀμφιπλέκειν
1388 2243 1664 2319 άράχναις,

286 2326 417 2399 μετὰ
451 2327 495 2383 δ’
531 2325 758 2401 ἡσυχίας
789 2335 955 2405 πολιῷ
985 2329 1126 2405 γήρᾳ
1157 2337 1495 2402 συνοικοίην·

286 2408 519 2483 άείδοιμι
551 2413 611 2467 δὲ
643 2412 930 2484 στεφάνοις
962 2412 1099 2485 κάρα
1131 2412 1321 2472 πολιὸν
1351 2413 1705 2487 στεφανώσας

295 2502 560 2567 Θρηίκιον
583 2499 783 2552 πέλταν
813 2495 946 2567 πρὸς
970 2495 1207 2562 Ἀθάνας

292 2587 597 2650 περικίοσιν
627 2576 969 2652 άγκρεμάσας
999 2580 1267 2652 θαλάμοις
1679 2597 1704 2638 5

287 2664 491 2719 δέλτων
520 2662 558 2719 τ’
593 2659 988 2736 άναπτύσσοιμι
1018 2668 1195 2738 γῆρυν

285 2740 354 2801 ἂν
385 2749 546 2818 σοφοὶ
577 2751 838 2804 κλέονται.

225 2839 350 2889 Stob.
379 2841 497 2889 Flor.
527 2843 618 2903 55,
646 2843 695 2891 4.
747 2860 808 2890 vs.
842 2846 865 2891 1
905 2846 1033 2892 affert
1058 2847 1174 2894 Plut.
1205 2847 1279 2893 vit.
1309 2845 1455 2892 Niciae
1482 2860 1521 2892 c.
1551 2845 1607 2904 9,
1635 2859 1704 2892 re·
