2077 3139
719 91 1098 132 MEAANIHHH
1624 89 1722 142 135

140 259 204 268 —
234 228 363 278 gozv’.
414 249 476 279 vs.
506 233 537 278 4
564 229 718 291 φῦσαι
743 233 968 279 Matthiae.
1021 249 1085 278 vs.
1115 232 1145 279 5
1172 224 1415 292 μάχεσθαι
1449 233 1720 293 Conington,

138 304 362 360 γλεῐσθαι
392 303 457 348 vel
484 303 704 347 τλεῖσθαι
731 301 849 347 libri.

883 422 987 476 495

306 511 526 583 ἀνδρῶν
558 511 617 567 δὲ
646 513 835 567 πολλοὶ
865 516 961 567 τοῦ
991 512 1222 582 γέλωτος
1254 516 1437 568 εἵνεκα

306 595 534 653 ἀσκοῦσι
562 593 781 666 χάριτας
812 593 1128 666 κερτόμους·
1162 595 1265 666 ἐγώ
1299 598 1365 651 δέ
1389 618 1503 661 πως

306 683 443 750 μισῶ
474 685 738 749 γελοίους,
770 683 966 744 οἵτινες
995 677 1141 749 τήτει
1172 682 1361 750 σοφῶν

307 761 511 834 ἀχάλιν’
547 768 730 834 ἔχουσι
762 760 1015 834 στόματα,
1046 768 1159 828 κείς
1189 759 1412 832 ἀνδρῶν
1441 763 1541 833 μὲν
1571 761 1636 818 οὑ

305 849 556 902 τελοῦσιν
585 843 841 917 ἀριθμόν,
875 850 935 902 ἐν
963 849 1156 916 γέλωτι
1188 845 1235 902 δ’
1269 845 1556 917 εὐπρεπεῖς
1653 863 1677 901 5

306 931 551 985 οἰκοῦσιν
581 937 765 993 οἴκους
797 931 886 985 καὶ
917 928 982 986 τὰ
1011 928 1458 1002 ναυστολούμενα

247 1050 250 1051 ⁷
305 1019 410 1069 ἔσω
445 1012 627 1085 δόμων
658 1011 889 1087 σῴζουσι

243 1110 459 1155 At11.X{V
483 1125 536 1192 p.
566 1111 663 1157 613
691 1111 744 1154 D:
780 1106 862 1154 καὶ
889 1098 1165 1172 Ευριπίδης
1200 1099 1243 1154 δ’
1285 1106 1335 1156 ἐν
1369 1113 1429 1174 τῇ
1466 1104 1718 1170 δεσμωτιδι

139 1175 496 1256 ῙῑΙελανίππῃέ
478 1177 574 1237 ε’φη
621 1171 846 1237 εἀνδρῶν
878 1204 947 1214 —
981 1175 1234 1243 σῴζουσι’.
1295 1182 1351 1227 cf.
1386 1182 1511 1227 Eust.
1549 1183 1627 1228 od.
1675 1198 1719 1242 p.

141 1249 391 1308 1837,1;
436 1264 461 1294 ο
497 1244 645 1304 καλὸς
680 1243 980 1327 Ευριπίδης
1001 1246 1053 1295 ἐν
1094 1267 1160 1314 τῳ
1209 1247 1286 1295 εοἳ
1320 1246 1522 1311 γέλωτος
1557 1248 1722 1296 εἵνεκα

136 1317 342 1364 ασκοῦσι
385 1333 581 1377 χαριτας
624 1312 887 1378 κερτόμους
929 1308 1186 1380 εὐπρεπεῖς
1225 1311 1333 1364 σ’ντε
1315 1338 1361 1376 ες
1402 1315 1454 1365 ἐν
1501 1317 1720 1381 γέλωτιῖ

137 1404 200 1434 vs.
233 1390 257 1433 1
301 1384 469 1432 εἵνεκα
494 1389 647 1446 Eust.,
685 1382 869 1437 οὕνεκα
893 1391 996 1435 Ath.
1049 1406 1111 1436 vs.
1143 1391 1171 1437 3
1207 1383 1340 1447 τήτει
1374 1392 1420 1435 L.
1451 1391 1721 1449 Dindorfius,

136 1456 186 1502 τί
215 1453 340 1502 εἴτι
376 1459 458 1503 ΑΒ
519 1474 583 1504 vs.
612 1458 644 1503 4
678 1450 835 1503 ἆστῶν
861 1460 1114 1506 Meinekius.
1164 1475 1225 1505 vs.
1253 1460 1283 1507 5
1321 1475 1455 1520 ευτρε
1460 1462 1565 1516 πεῖς
1600 1461 1722 1506 malit

134 1527 394 1573 Meinekius.

880 1594 983 1647 496

307 1665 563 1739 ἅλγιστόν
595 1671 705 1725 ε’στι
735 1674 883 1740 θῆλυ
914 1671 1149 1741 μισηθὲν
1178 1671 1357 1741 γένος·

304 1755 365 1807 αἱ
391 1750 493 1822 γὰρ
524 1760 816 1824 σφαλεῖσαι
845 1766 1024 1809 ταῖσιν
1053 1752 1155 1810 οὐκ
1187 1757 1549 1826 ἐσφαλμέναις

303 1834 488 1906 αἶσχος
518 1839 731 1906 γυναιξὶ
764 1838 853 1892 καὶ
885 1843 1239 1894 κεκοίνωνται
1270 1837 1443 1909 ψόγον

299 1932 415 1984 ταῖς
445 1917 511 1975 οὐ
542 1933 798 1976 κακαῖσιν
828 1924 889 1976 αἱ
914 1927 1101 1976 κακαί·
1133 1916 1198 1977 τὰ
1230 1919 1274 1977 δ’
1310 1928 1386 1988 εἰς
1415 1920 1621 1993 γάμους

302 1999 469 2058 οὐδὲν
501 2006 759 2060 δοκοῦσιν
786 1999 934 2075 ὑγιὲς
965 2003 1233 2075 ἀνδράσιν
1263 2020 1509 2077 φρονεῖν.
1692 2025 1717 2063 ἵ)

241 2098 364 2144 Stob.
391 2099 510 2144 Flor.
541 2101 630 2159 69,
667 2101 755 2147 19:
787 2092 1062 2160 Εὐριπίδου
1087 2100 1405 2160 Μελανίππη.
1458 2093 1718 2162 ςἄλγιστον

136 2192 198 2201 --
231 2168 480 2228 φρονεῖν’.
531 2170 677 2215 locum
706 2172 794 2216 huc
819 2172 1100 2217 referendum
1127 2187 1225 2218 esse
1252 2173 1382 2219 docet
1407 2173 1464 2218 sr.
1493 2173 1610 2220 497.

875 2306 976 2359 497

300 2381 395 2447 τῆς
424 2379 524 2450 μὲν
554 2382 720 2450 κακῆς
752 2380 942 2438 κάκιον
972 2379 1140 2438 οὐδὲν
1169 2388 1410 2453 γίγνεται

299 2462 576 2532 γυναικός,
611 2467 808 2535 ἐσθλῆς
842 2463 890 2520 δ’
927 2462 1095 2522 οὐδὲν
1126 2472 1202 2531 εἰς
1232 2465 1548 2538 ὑπερβολὴν

298 2545 491 2617 πέφυκ’
528 2544 777 2618 ἄμεινον
811 2550 1135 2620 διαφέρουσι
1167 2546 1216 2606 δ’
1249 2554 1310 2605 αἱ
1335 2549 1544 2621 φύσεις.

236 2641 362 2687 Stob.
389 2642 507 2689 Flor.
547 2644 634 2700 69,
676 2645 761 2689 11:
798 2635 1071 2703 Εὐριπίδου
1109 2646 1427 2705 Μελανίππη.
1479 2645 1591 2704 τῆς
1625 2641 1714 2704 μὲν

134 2734 196 2742 —
225 2703 834 2773 q2156et9'.Porphyriusin
859 2713 1017 2760 Euseb.
1047 2716 1115 2761 Pr.
1142 2717 1190 2762 Ε.
1220 2733 1262 2777 p.
1290 2716 1390 2764 466
1418 2719 1473 2762 D.
1501 2709 1709 2775 Εὐριπί-

133 2773 218 2838 δης
254 2774 305 2824 δὲ
340 2775 391 2824 ἐν
418 2779 724 2864 Μελανίππῃ
755 2781 814 2846 τῇ
847 2780 1151 2844 δεσμώτιὸι“
1167 2784 1249 2848 τῆς
1287 2781 1375 2846 μὲν
1399 2812 1466 2820 —-
1493 2778 1710 2845 φυσεις’.

132 2861 194 2892 vs.
225 2850 250 2894 1
280 2837 466 2896 οὐδέν’
447 2841 536 2896 ε”στ
566 2849 689 2898 ἰδεῖν
714 2856 985 2913 scripserim.
