2077 3139
313 104 381 158 96
919 99 1298 144 ΕΤΡΤΣΘΕΤΣ

313 249 448 311 spicit
472 248 598 295 Eust.
627 246 705 292 od.
733 262 779 308 p.
811 245 962 305 1793,
989 245 1076 294 40.
1115 231 1374 307 άράχναις]
1401 232 1588 306 ἆράχνα
1613 241 1740 288 8101).
1783 256 1851 289 vs.
1873 239 1904 288 2

314 315 596 376 συνοικείην
644 317 729 364 cod
769 320 824 376 A,
872 316 1067 362 sortasse
1108 312 1351 371 ξυνοικεῖν
1394 314 1483 373 leg.
1551 327 1619 359 vs.
1664 312 1693 359 3
1740 302 1904 376 α’δοιμι

312 388 651 435 Valckenarius·

1062 448 1162 501 371

421 541 567 603 Etym.
595 541 650 587 M.
678 556 723 602 p.
756 540 880 599 153,
909 538 995 586 32:
1029 531 1250 593 Ἀσιάδος
1275 529 1541 618 κρούματα,
1569 532 1652 593 τῆς
1678 525 1904 613 κιθάρας.

313 606 472 666 οὕτως
503 601 857 670 Ἀριστοφάνης
893 600 996 654 εἶπε
1031 604 1278 670 παρῳδῶν
1302 623 1354 652 το
1389 602 1436 663 ἐξ
1464 598 1729 665 Ἐρεχθέως
1753 597 1906 662 Εὐρι-

313 678 867 759 nidov.A11stophanis
910 679 1036 725 locus
1080 685 1225 724 exstat
1267 676 1618 724 Thesm.120:
1669 667 1825 720 Λατω
1857 687 1906 719 τε

312 745 564 812 κρούματά
597 742 631 794 τ’
668 740 891 804 Ἀσιάδος
924 743 1040 794 ποδὶ
1074 737 1357 807 παράρυθμ’
1395 738 1621 806 εύρυθμα
1662 733 1798 808 (παρ’
1825 758 1904 790 ευ-

315 823 485 885 ρυθμα
510 816 780 880 DIndorfius)
813 816 1045 882 Φρυγίων
1075 810 1339 877 δινεύματα
1363 813 1607 874 Χαρίτων.

666 969 1106 1012 ΕΤΡΤΣΘΕΤΣ
1156 947 1573 1009 ΣΑΤΤΡΙΚΟΣ

417 1058 620 1106 Herculis
654 1060 700 1103 in
736 1059 817 1104 hae
849 1057 999 1102 sabula
1051 1062 1202 1117 partes
1238 1055 1380 1100 fuisse
1423 1055 1555 1100 docet
1591 1053 1648 1098 fr.
1686 1051 1811 1103 372:
1849 1051 1903 1097 de

312 1130 506 1177 Lernaea
533 1129 673 1189 hydra
699 1127 998 1187 intellegenda
1022 1127 1228 1172 videntur
1253 1125 1308 1170 [ι’.
1334 1124 1434 1171 374
1462 1131 1506 1169 et
1532 1123 1649 1170 375.

1060 1247 1162 1299 372

486 1342 715 1412 πέμψεις
749 1334 794 1394 δ’
829 1334 1088 1403 έςἍιδου
1119 1335 1292 1404 ζῶντα
1322 1333 1420 1391 κού
1450 1332 1753 1404 τεθνηκότα

480 1432 574 1480 καί
600 1447 691 1496 μοι
719 1420 779 1478 τὸ
809 1424 1045 1495 τέρθρον
1078 1423 1245 1491 δῆλον
1275 1415 1333 1475 οἶ
1357 1417 1671 1490 πορεύομαι.

418 1522 614 1566 Erotian.
656 1519 723 1566 Gl.
752 1520 964 1579 Hippocr.
1001 1533 1045 1579 p
1076 1517 1203 1575 1⁶26,
1245 1517 1332 1563 14:
1357 1511 1579 1596 τέρθρον
1611 1529 1705 1575 γαρ
1742 1509 1908 1576 ἔλεγον

313 1588 367 1637 οἵ
386 1586 582 1636 παλαιοὶ
618 1580 671 1634 τὸ
715 1585 914 1649 ε’σχατον
939 1584 1021 1632 καὶ
1058 1581 1135 1632 ἐπὶ
1162 1584 1295 1643 τέλει,
1335 1579 1401 1641 ὡς
1426 1581 1507 1630 καὶ
1541 1577 1818 1644 Εὐριπίδης
1854 1580 1905 1629 ἐν

313 1650 579 1719 Ευρυσθεῐ
606 1660 741 1706 ποιεῖ
771 1650 855 1705 τὸν
885 1652 1097 1718 (Ηρακλέ
1091 1673 1131 1701 α
1156 1653 1355 1718 λέγοντα
1381 1651 1538 1711 οὕτως
1573 1650 1813 1714 (πέμψεις
1839 1680 1903 1688 -—

312 1725 707 1803 εἰσπορεύομαι’.
744 1744 809 1774 vs.
837 1729 865 1774 2
895 1720 946 1773 οἷ
967 1721 1237 1806 πορεύομαι
1265 1717 1902 1787 ΕΓΓυι-(1ῑίυς,εἰσπορεύομαι

312 1802 432 1849 libri.
474 1797 632 1862 οἴμοι·
659 1789 711 1844 τὸ
738 1794 950 1861 τέρθρον
978 1795 1124 1858 δῆλον
1153 1787 1215 1852 ὡς
1241 1791 1516 1859 πορεύομαι
1544 1795 1756 1843 Weilius.

1061 1920 1164 1972 373

478 2009 583 2068 οὐκ
615 2016 779 2081 ἔστιν,
815 2000 858 2065 ὦ
887 2011 1088 2081 γεραιέ,
1120 2008 1192 2081 μὴ
1224 2014 1408 2082 δείσῃς
1437 2006 1592 2063 τάδε·

479 2093 544 2150 τὰ
575 2092 880 2151 Δαιδάλεια
911 2091 1088 2148 πάντα
1119 2102 1374 2149 κινεῖσθα
1407 2095 1559 2147 δοκεῖ

480 2182 704 2250 βλέπειν
733 2173 774 2233 τ’
808 2173 1105 2248 ἀγάλμαθ’·
1140 2167 1235 2232 036’
1268 2173 1407 2247 ἀνὴρ
1439 2188 1616 2240 κεῖνος
1648 2173 1830 2247 σοφός.

418 2275 566 2322 Sehol.
605 2277 707 2322 Eur.
744 2275 850 2322 Hoc.
891 2275 1017 2322 838:
1063 2268 1174 2328 περὶ
1211 2272 1308 2319 τῶν
1348 2266 1594 2317 Δαιδάλου
1629 2267 1782 2332 ἔργων
1825 2266 1902 2317 ὅτι

314 2339 518 2391 ἐκινεῖτο
543 2340 625 2390 καὶ
651 2344 812 2402 προΐει
837 2338 980 2403 φωνὴ
992 2360 1015 2387 ν
1039 2335 1186 2399 αὑτός
1211 2358 1259 2388 τε
1279 2333 1548 2401 Εὐριπίδης
1574 2336 1625 2386 ἐν
1647 2333 1910 2404 Εὐρυσθεῖ

313 2412 438 2476 λέγει
483 2405 602 2460 ὀὐκ
647 2411 775 2460 ἔστιν
811 2442 873 2448 -
911 2406 1091 2473 σοφός’
1137 2408 1218 2458 καὶ
1265 2414 1504 2471 Κρατῖνος
1547 2406 1902 2477 ε’νΓΘρςὶτταις.

313 2485 419 2531 hinc
453 2500 516 2530 vs.
546 2484 574 2530 2
612 2493 656 2531 et
697 2486 725 2532 3
763 2485 890 2530 affert
927 2493 970 2530 et
1003 2485 1176 2529 Platoni
1212 2486 1383 2530 comice
1411 2483 1524 2529 male
1561 2482 1718 2528 tribuit
1753 2483 1902 2529 Tzetz.

225 2543 231 2546 ’
314 2555 425 2601 cml.
457 2556 503 2615 1,
532 2555 647 2602 518.
701 2571 764 2601 vs.
794 2554 822 2599 2
852 2544 983 2599 δόκει
1008 2554 1154 2600 valck.

1064 2675 1167 2728 374

482 2768 585 2830 πᾶς
618 2760 665 2821 6³
701 2767 1014 2837 ἐξεθέρισεν
1046 2761 1182 2821 ὥστε
1212 2761 1447 2836 πύρινον
1478 2761 1685 2835 στάχυν

482 2846 674 2924 σπάθῃ
705 2849 950 2906 κολούων
980 2845 1268 2921 φασγάνου
1297 2848 1649 2921 μελανδέτου.
