2077 3139
320 147 425 202 272
924 147 1320 190 INCERTARVM

322 282 592 338 (ἀκόλαστα
624 316 696 326 -
732 285 903 337 τέκνα’
911 323 923 348 ,
959 279 1079 335 ἄλλα
1115 285 1198 335 καὶ
1213 281 1550 363 μικρολόγων.
1616 290 1741 352 Diog.
1773 290 1822 337 L.
1859 289 1910 350 4,

324 363 389 409 35
424 363 478 408 de
513 362 768 408 Aicesilao:
813 354 1067 437 στωμύλου
1110 356 1160 405 δὲ
1197 349 1433 421 ἇγεννοῦς
1476 353 1734 420 πράγματα
1775 349 1911 424 αυτῷ

322 429 616 494 παρέχοντος
640 428 736 492 ἔφη
762 420 1034 476 εοῗκόλασθ
1065 423 1255 490 ὁμιλεῖν
1274 427 1485 491 γίγνεται
1508 423 1697 475 δούλων
1719 425 1890 476 τέκνα’

1074 565 1173 617 967

490 654 524 730 ἡ
555 655 658 729 γαρ
691 653 868 726 σιωπὴ
900 668 1012 720 τοῖς
1039 669 1300 757 σοφοῖσιν
1330 651 1631 755 ἀπόκρισις.

427 754 545 801 ΡΙιιι.
573 755 681 800 Mor.
708 769 754 815 p.
784 752 960 826 532F.
995 743 1084 812 τήν
1119 767 1210 813 γαρ
1247 742 1436 813 σιωπὴν
1471 740 1495 796 ὁ
1522 747 1608 811 μὲν
1640 741 1914 810 Ευριπίδης

325 820 447 884 φησὶ
486 826 585 879 τοῖς
621 825 790 882 σοφοῖς
825 813 1086 878 απόκρισιν
1122 823 1260 868 εἰναι.
1313 836 1490 869 versum
1527 826 1671 883 ipsum
1699 823 1915 868 habemus

324 898 369 941 in
396 896 653 941 Me11.1non.
684 893 799 939 222.
851 896 1077 951 σοφοῖσιν
1105 893 1289 953 scripsi.
1325 893 1496 951 σοφοῖς
1524 893 1590 938 vel
1617 893 1787 951 σοφοῖς
1814 879 1908 936 ε’στ

325 966 440 1012 hhri.

1073 1027 1175 1080 968

496 1125 547 1178 εἰ
579 1111 630 1174 6'
666 1111 807 1190 ἦσαν
838 1115 1218 1188 ἀνθρώποισιν
1249 1113 1446 1189 ωνητοὶ
1477 1115 1646 1190 λόγοι,

494 1201 678 1268 οὐδεὶς
710 1197 778 1257 ἂν
810 1197 978 1258 αυτὸν
1010 1201 1069 1258 εὐ
1102 1203 1281 1272 λέγειν
1315 1199 1594 1272 ἐβούλετο

495 1311 604 1344 νυν
638 1283 713 1357 δ’,
747 1289 804 1342 ἐκ
836 1292 1066 1356 βαθείας
1097 1285 1200 1357 γὰρ
1232 1284 1492 1356 πάρεστιν
1524 1288 1748 1358 αἰθέρος

495 1378 694 1471 λαβεῖν
716 1367 965 1442 αμοχθεί,
999 1373 1104 1434 πᾶς
1135 1393 1213 1435 τις
1245 1369 1432 1440 ἥδεται
1463 1372 1640 1440 λέγων

497 1479 559 1511 τα
592 1451 632 1510 τ’
666 1452 796 1511 ὄντα
829 1455 917 1508 καὶ
948 1452 1047 1525 μή
1082 1461 1274 1525 ζημίαν
1305 1453 1407 1525 γὰρ
1439 1451 1543 1509 οὐκ
1575 1459 1696 1525 ἔχει.
1806 1469 1834 1510 5

434 1552 548 1598 Plut.
575 1553 685 1598 Mor.
715 1566 757 1612 p.
787 1551 885 1597 539
906 1553 957 1625 Β.
997 1538 1021 1595 ὁ
1047 1565 1168 1610 γουν
1195 1540 1472 1611 Ευριπίδης
1499 1541 1648 1595 εἰπών
1675 1545 1751 1594 εεἰ
1775 1543 1819 1594 δ’
1849 1575 1918 1585 --

330 1615 420 1668 οὐκ
458 1619 599 1682 ἔχει’.
639 1613 977 1683 φορτικωτάτῃ
1012 1616 1238 1680 κέχρηται
1273 1617 1585 1685 μεγαλαυχία.
1643 1635 1707 1666 xs.
1737 1619 1767 1666 3
1805 1629 1849 1665 et
1884 1620 1917 1665 4

333 1696 518 1753 respicit
543 1692 829 1737 Philodemus
856 1687 964 1750 περὶ
992 1687 1263 1748 παρρησίας
1289 1693 1333 1735 in
1361 1692 1532 1736 Hercul.
1562 1690 1712 1735 v01.v
1739 1690 1821 1735 col.
1855 1690 1916 1737 18

331 1779 374 1825 p.
403 1765 493 1810 35.
530 1776 619 1806 ουκ
647 1774 915 1819 ωνοιμενοι
942 1775 1053 1816 τους
1082 1758 1278 1829 λόγους,
1316 1750 1421 1803 αλλ.
1460 1756 1512 1804 ἐκ
1548 1757 1757 1819 βαθείας
1782 1756 1917 1805 αιθέ·

333 1848 414 1894 ρος
440 1824 646 1892 αμοχθεὶ
675 1824 1016 1891 λαμβάνοντες.
1070 1847 1132 1877 vs.
1158 1832 1189 1876 4
1217 1822 1394 1891 αμισθί
1418 1830 1535 1877 Plut.

1082 1967 1183 2019 969

501 2054 651 2114 οὗτοι
681 2054 1045 2128 προσελθοῦσ’
1086 2056 1112 2128 ἡ
1144 2063 1289 2127 Δίκη
1321 2074 1401 2124 σε,
1433 2053 1506 2127 μὴ
1535 2058 1749 2129 τρέσῃς,

501 2148 686 2198 παίσει
718 2141 850 2212 πρὸς
881 2141 1026 2211 ἧπαρ
1058 2139 1189 2196 οὐδε
1218 2143 1328 2196 τῶν
1358 2138 1538 2196 αλλων
1570 2141 1785 2211 βροτων

501 2223 595 2281 τὸν
626 2223 836 2295 ἄδικον,
868 2222 1004 2279 αλλα
1035 2237 1162 2295 σῖγα
1194 2226 1282 2279 καὶ
1315 2229 1513 2295 βραδεῖ
1541 2226 1667 2279 ποδὶ

503 2317 792 2380 στείχουσα
823 2307 1025 2380 μάρψει
1055 2307 1183 2373 τούς
1215 2308 1433 2379 κακούς,
1465 2305 1597 2364 ὅταν
1626 2305 1778 2380 τύχῃ.

439 2421 555 2467 Plut
583 2422 693 2466 Mor.
730 2436 774 2481 p.
802 2420 980 2466 549Αε
1017 2410 1137 2464 οθεν
1174 2410 1449 2511 E69ecm'6773
1483 2411 1659 2473 α’τοπος
1699 2415 1765 2472 εἰς
1803 2406 1922 2462 ἆπο-

337 2506 522 2548 τροπην
560 2489 734 2545 κακίςα
774 2485 961 2545 τούτοις
996 2480 1238 2567 χρώμενος
1274 2483 1438 2533 οὔτοι
1474 2513 1537 2521 -
1574 2482 1742 2550 τύχῃ’.
1798 2487 1921 2532 Stob.

337 2563 426 2607 Eel.
459 2565 514 2618 1,
543 2561 600 2619 3,
629 2561 689 2606 21
728 2576 769 2621 p.
803 2561 923 2606 114:
961 2549 1251 2615 Εὐριπίδου
1306 2551 1704 2611 ὀὔτοι-τούς
1738 2570 1921 2611 κακους

336 2622 411 2676 αεὶ
437 2628 673 2691 βροτών’.
723 2645 785 2675 vs.
817 2632 842 2675 1
871 2645 937 2688 μη
959 2625 1148 2699 τρέσῃς]
1183 2623 1378 2674 πώποτε
1404 2629 1528 2675 Stob.
1580 2643 1643 2673 vs
1671 2628 1700 2675 3
1737 2629 1923 2705 respicit

337 2703 451 2748 plut.
479 2702 584 2748 Mor
614 2716 658 2761 p.
686 2700 859 2746 5490:
895 2690 926 2759 ἡ
953 2696 1003 2745 δὲ
1028 2697 1212 2758 ατρέμα
1237 2695 1317 2743 καὶ
1354 2695 1530 2760 βραδεῖ
1547 2694 1660 2743 ποδὶ
1685 2686 1794 2741 κατ’
1824 2686 1922 2741 Εὐ·

339 2767 536 2829 ριπίδην
563 2765 644 2815 καὶ
673 2785 735 2824 ως
771 2765 934 2828 ἔτυχεν
961 2764 1282 2814 ἐπιπίπτουσα
1308 2766 1434 2828 δίκη.
1483 2772 1585 2814 item
1621 2771 1744 2812 Anna
1770 2766 1921 2812 Comn.

340 2841 423 2886 vol.
456 2842 483 2886 1
518 2856 559 2901 p.
591 2842 681 2899 17,
711 2840 799 2886 20·
835 2833 921 2899 οὐχ
948 2830 1021 2885 ότι
1047 2836 1222 2914 βραδεῖ
1242 2835 1355 2884 ποδὶ
1383 2854 1505 2883 κατα
1528 2829 1617 2897 τὴν
1644 2833 1922 2902 τραγῳδίαν

339 2906 539 2971 ε’στιχει.
588 2926 651 2957 vs.
678 2911 711 2956 4
737 2902 856 2954 ὅταν
883 2903 1025 2974 τυχῃ]
1054 2899 1130 2955 ἆεὶ
1154 2907 1344 2971 βροτῶν
1370 2908 1493 2955 διοὶ).
