2077 3139
610 133 978 177 FABVLARVM
998 131 1219 174 FRAGM.
1492 160 1495 164 .
1620 127 1724 181 299

245 278 402 324 Pollux
428 277 485 335 3,
513 277 601 324 58:
637 268 914 334 ξεναπάτην
939 269 992 320 δὲ
1021 266 1288 334 Εὐριπίδης
1315 269 1479 332 εἴρηκε
1509 268 1580 333 (fr.
1607 272 1724 330 669)

143 343 225 393 καὶ
262 340 540 405 ξενοφόνον.
609 345 799 390 sortasse
834 345 919 406 leg.
965 343 1274 402 ξενοφονεῖν,
1311 344 1429 403 quod
1469 349 1587 387 extat
1629 343 1723 401 lph.

144 418 193 464 Τ.
223 417 374 465 1021.

861 477 993 530 1089

314 555 586 626 ε’προξένει

251 653 414 698 Anecd.
443 652 581 697 Paris.
608 652 694 696 vol.
723 651 755 696 4
781 666 824 711 p.
855 650 970 709 114,
1001 650 1088 695 12:
1117 644 1305 710 λέγουσι
1333 642 1384 693 δὲ
1408 643 1492 692 καὶ
1518 638 1728 708 ἠγγύησε

148 717 228 767 καὶ
250 714 568 783 κατηγγύησε.
595 735 676 765 και
665 711 956 779 Ευριπιδης
979 713 1334 779 ἐπροξένει,καὶ
1356 709 1727 779 Ἀριστοφάνης.

867 852 1001 905 1090

313 933 553 1002 ῥαχίζειν

250 1029 378 1073 Phot.
407 1029 510 1072 Lex.
552 1041 595 1086 p.
623 1025 752 1084 482,
792 1026 845 1071 1:
882 1022 1148 1086 ῥακχίζειν·
1186 1015 1241 1069 τὸ
1277 1020 1484 1083 διαιρεῖν
1520 1018 1577 1068 τὰ
1611 1018 1733 1084 μέρη

150 1095 232 1155 τῆς
277 1090 479 1158 ῥάχεως,
522 1089 633 1154 ἤτοι
677 1088 986 1153 διακόπτειν,
1031 1111 1094 1149 ως
1138 1089 1257 1153 φησὶ
1302 1067 1419 1152 παρ’
1464 1086 1728 1156 Εὐριπίδῃ.

151 1168 298 1213 eadem
333 1166 697 1212 Anecd.Bachm.
734 1165 876 1210 v01.1
915 1181 958 1225 p.
988 1165 1115 1222 357,
1152 1164 1214 1210 25
1254 1163 1349 1222 (ubi
1376 1160 1611 1223 ῥακχίζων
1646 1163 1731 1221 ed.)

149 1245 194 1282 et
227 1237 387 1281 Aneed.
415 1237 556 1280 Paris.
583 1234 615 1279 4
651 1251 693 1295 p.
725 1234 848 1292 174,
886 1234 947 1279 21
987 1234 1078 1292 (ubi
1115 1229 1356 1294 ῥαχίζειν).
1418 1233 1627 1278 similiter
1653 1232 1732 1293 Cy-

150 1307 279 1351 rillus
305 1307 350 1351 in
377 1306 539 1351 Anecd.
565 1305 701 1349 Paris.
729 1304 815 1350 v.ol
844 1304 876 1379 4
902 1320 946 1363 p.
976 1279 1100 1362 199,
1129 1304 1189 1350 31
1222 1310 1264 1348 et
1291 1303 1467 1348 Suidas:
1495 1298 1730 1362 ῥαχίζειν·

149 1366 201 1421 τὸ
233 1372 440 1433 διαιρεῖν
466 1363 524 1419 τὰ
548 1370 668 1434 μέρη
694 1390 776 1438 της
803 1366 1002 1436 ραχεως,
1029 1365 1135 1433 ἤτοι
1164 1366 1463 1431 διακόπτειν,
1493 1363 1555 1427 ὥς
1581 1367 1733 1431 φησὶν

150 1436 443 1503 Εὐριπίδης.

865 1507 997 1559 1091

316 1584 486 1655 χνοῦν

254 1681 415 1726 Anecd.
443 1681 616 1726 Bachm.
644 1680 729 1725 vol.
761 1683 786 1725 1
815 1695 858 1740 p.
889 1680 1007 1738 418,
1036 1679 1125 1725 24;
1161 1677 1334 1739 χνοῦν·
1371 1673 1422 1723 τὸ
1449 1667 1621 1723 λεπτὸν
1646 1675 1735 1723 τοῦ

151 1738 346 1811 ἇχύρου.
379 1740 745 1810 Ἀριστοφάνης.
783 1745 1056 1810 Ευριπίὸης
1084 1744 1135 1795 δὲ
1159 1747 1395 1808 θηλυκῶς
1421 1740 1510 1808 τὴν
1537 1746 1700 1808 χνοῦν.

359 1980 826 2048 FRAGMENTA
854 1979 1093 2047 DVBIA
1122 1980 1216 2047 ΕΤ
1248 1979 1528 2047 SPVRIA

930 2237 1200 2309 ἄρχεσθαι
1228 2235 1404 2309 χρεὼν

320 2319 521 2385 κακοὺς
549 2315 646 2376 ὑπ’
683 2322 900 2376 ἐσθλῶν
930 2323 1018 2375 καὶ
1051 2319 1238 2376 κλύειν
1258 2323 1370 2375 τῶν
1400 2316 1729 2390 κρεσσόνων.

258 2415 382 2462 Stob.
421 2417 536 2462 Flor.
572 2416 663 2472 44,
704 2418 754 2462 1:
798 2408 1075 2477 Εὐριπίδου
1114 2417 1195 2472 (sic
1231 2418 1408 2474 Trinc.,
1450 2416 1606 2461 lemma
1651 2429 1735 2460 om.

157 2485 395 2543 AMvincL).
461 2477 725 2544 ’ἄρχεσθαι
771 2513 833 2520 -
870 2481 1186 2547 κρεσσόνων’.
1260 2501 1323 2532 vs.
1369 2485 1397 2531 2
1442 2477 1738 2546 κρεισσόνων

158 2553 300 2601 Valck.
327 2562 466 2614 recte,
493 2555 729 2601 dummodo
757 2557 981 2616 Euripidis
1010 2559 1067 2601 sit
1090 2557 1234 2602 locus.

883 2689 1016 2742 1093

321 2782 426 2836 νῦν
458 2777 751 2850 εὐσέληνον
782 2781 981 2850 φέγγος
1010 2778 1045 2851 ἡ
1078 2778 1408 2853 διφρήλατος

259 2877 439 2936 Argum.
467 2876 569 2921 Eur.
595 2877 751 2923 Rhes.:
785 2871 1015 2938 πρόλογοι
1042 2872 1094 2922 δὲ
1128 2871 1274 2921 διττοὶ
1302 2873 1529 2939 φέρονται
1568 2876 1629 2932 (in
1656 2875 1739 2922 Eu·
