2077 3139
330 147 436 200 244
937 151 1039 193 1Νο
1046 151 1328 194 ERTARVM

1074 288 1177 342 872

500 375 603 435 οὐκ
634 384 783 436 ἔστιν
815 375 998 451 εὑρεῖν
1030 384 1154 449 βίον
1185 376 1397 436 ἄλυπον
1428 375 1635 438 ουδενί.

436 492 653 550 Anonym.
681 492 726 536 in
753 492 917 536 Anecd.
946 491 1082 536 Oxou.
1113 490 1198 535 vol.
1225 489 1257 535 4
1292 505 1336 550 p.
1368 490 1494 550 253,
1523 491 1613 538 33.
1649 482 1927 550 Εὐριπίδου

331 549 451 604 *οὐκ
488 585 558 594 —
591 553 801 606 02362215’.
878 563 1044 606 omisso
1091 568 1249 620 poetae
1292 562 1472 605 nomine
1517 575 1689 606 versum
1734 561 1925 607 afferunt

330 630 641 690 Hermogenes
666 632 791 677 Rhet.
822 632 905 676 sol.
939 633 962 676 1
993 646 1036 691 p.
1065 630 1129 676 25
1169 630 1452 690 Aphthonius
1479 631 1585 676 ibid.
1624 646 1666 690 p.
1699 631 1761 677 68
1789 646 1920 676 anon.

329 700 432 744 ibid.
475 715 519 760 p.
563 701 661 748 130
697 701 846 747 Schol.
884 701 1112 761 Aphthon.
1149 701 1276 745 Rlzet.
1315 701 1401 746 vol.
1442 700 1470 745 2
1514 716 1556 761 p.
1596 700 1695 747 592
1741 716 1783 760 p.
1822 701 1922 747 593

330 770 593 815 Theodorus
620 772 807 816 Metoch.
837 772 957 818 Misc.
985 786 1024 816 c.
1056 770 1120 816 28
1148 786 1190 830 p.
1219 770 1317 816 184
1344 785 1388 830 p.
1409 771 1503 816 195
1532 778 1576 816 et
1604 785 1640 815 o.
1671 771 1736 817 58
1764 771 1922 830 p.343

327 840 439 884 Men.
469 855 588 886 mon.
618 841 718 887 419
757 841 973 886 Iohannes
1000 841 1248 899 Georgidos
1286 842 1329 884 in
1359 842 1499 885 Boiss.
1530 841 1691 885 Anecd.
1724 842 1748 885 1
1784 856 1827 901 p.
1858 841 1921 887 69

326 909 497 955 Manuel
534 911 726 956 Palaeol.
766 912 915 957 Praec.
954 912 1006 957 ad
1041 911 1100 955 fil.
1139 911 1202 956 55
1242 925 1284 970 p.
1314 910 1394 956 82.
1449 911 1686 956 Menandro
1722 910 1860 967 (Com.
1889 910 1922 956 4

325 994 369 1038 p.
396 979 515 1055 195)
545 981 703 1026 tribuit
732 982 866 1027 Orion
893 981 1012 1027 Flor.
1042 981 1090 1038 8,
1119 980 1148 1026 5
1176 979 1362 1040 p.262‚
1392 981 1478 1027 10.
1508 995 1561 1025 εκ
1587 980 1673 1024 τοῦ
1701 978 1922 1025 Πλοκίου

325 1040 443 1093 οὐκ
470 1075 537 1082 -
564 1041 805 1106 οὖδενός’.
857 1043 1047 1096 α’λυπον
1083 1045 1136 1095 ἐν
1171 1040 1338 1094 οὐδενί
1369 1050 1574 1110 plerique
1601 1057 1768 1109 testes,
1807 1042 1920 1094 ‹ih-

323 1133 419 1164 πον
445 1112 613 1165 οὐδενί
635 1138 673 1168 ν.
699 1121 725 1166 l.
755 1123 798 1166 in
817 1121 1027 1182 Heruiog
1059 1129 1103 1166 et
1125 1120 1307 1181 Aphth„
1333 1110 1530 1165 ἄλυπον
1555 1086 1768 1175 οὐδενός
1784 1121 1920 1166 Orion

323 1197 368 1234 et
392 1190 609 1237 Iohannes
637 1191 895 1252 Georgides.

1072 1312 1174 1365 873

424 1403 870 1464 Ap0110d.2,1‚4:
910 1418 993 1446 και
1021 1402 1152 1466 αυτῷ
1180 1401 1300 1460 (Belo
1329 1403 1520 1461 Aegypti
1547 1401 1663 1463 regi)
1698 1399 1920 1475 γίνονται

318 1469 492 1528 παῖδες
518 1470 738 1533 δίδυμοι,
766 1469 1021 1533 Αἴγυπτος
1049 1470 1128 1516 καὶ
1162 1466 1388 1529 Δαναός,
1420 1464 1481 1526 ὡς
1508 1467 1559 1516 δὲ
1587 1467 1738 1530 φησὶν
1764 1462 1915 1530 Ευρι·

319 1540 463 1601 πίδςη
475 1576 488 1603 ,
535 1539 616 1587 καὶ
653 1534 857 1621 Κηφευς
901 1538 982 1586 καὶ
1033 1541 1157 1587 Φινε
1139 1558 1217 1596 «υς
1262 1537 1473 1623 προσέτι.
1541 1542 1715 1587 Scholia
1758 1544 1914 1588 Aesch

320 1614 474 1674 Suppl.
506 1614 629 1660 317:
668 1604 692 1658 ὁ
720 1602 998 1671 Ευριπίδης
1034 1610 1174 1656 πέντε
1203 1606 1322 1691 φησὶ
1357 1607 1539 1665 παῖδας
1576 1604 1699 1656 εἶναι
1728 1604 1915 1671 Βήλου,

318 1681 578 1745 Αἴγυπτον
607 1675 810 1729 Δανιαὸι
841 1680 1055 1728 Φοίνικα
1087 1677 1244 1727 Φινέα
1264 1672 1523 1741 Αγήνοροι.

1071 1816 1176 1870 874

487 1894 593 1951 {ista
624 1897 946 1967 πορφυρέην

424 1993 773 2037 A1istid.x01.1
804 2007 845 2052 p.
875 1992 998 2039 401:
1021 1987 1238 2050 ’Όμηρος
1265 1986 1389 2051 Myse
1425 1985 1602 2035 ἰοειδέα
1625 1980 1804 2035 πόντον
1831 1984 1914 2033 καὶ

321 2058 498 2107 οἴνοπα
534 2054 742 2120 πόντον,
782 2057 864 2105 καὶ
897 2051 1173 2120 Εὐριπίδης
1212 2052 1305 2104 ἅλα
1338 2055 1628 2119 πορφυρέην
1665 2054 1746 2103 καὶ
1782 2056 1825 2104 εἰ
1855 2053 1915 2120 δή

321 2149 391 2187 τις
417 2124 561 2187 ἄλλος
587 2123 703 2177 ἄλλο
729 2148 773 2175 τι
800 2133 1038 2176 τοιοῦτοι.
1092 2133 1282 2191 spectari
1312 2132 1414 2175 Tro,
1449 2130 1573 2189 124,
1612 2130 1686 2175 ubi
1715 2119 1778 2173 δι
1818 2123 1914 2174 ἅλα

323 2197 677 2261 πορφυροειδέα
738 2202 838 2248 libri
900 2202 1140 2262 praebent,
1203 2201 1498 2260 probabiliter
1558 2202 1715 2245 stituit
1775 2200 1911 2245 Maur.

322 2273 612 2318 Schmidtius.

1072 2363 1175 2416 875

488 2455 633 2520 Ζεὺς
666 2458 724 2510 ἐν
754 2464 933 2510 θεοῖσι
963 2453 1153 2526 μα’ντις
1185 2450 1585 2519 ἆψευδέστατος
1619 2500 1629 2509 .
1664 2496 1679 2510 .
1714 2498 1724 2508 .

489 2566 576 2596 και
609 2539 758 2602 τέλος
791 2536 957 2604 αὐτὸς
990 2546 1112 2610 ε’χει.

426 2637 609 2682 ΑΓίεῑίδ.
632 2635 717 2680 vol.
734 2635 761 2680 2
790 2651 830 2694 p.
848 2637 936 2680 51:
967 2626 1046 2679 δια
1073 2633 1210 2680 τοῦτο
1237 2626 1390 2688 ξΖεύς
1413 2659 1484 2667 —
1507 2624 1891 2691 ἁψευδέστατος’
1895 2666 1909 2694 ,

325 2723 405 2751 και
434 2703 511 2752 ὅτι
537 2721 590 2767 γε
618 2697 679 2748 δι’
712 2695 833 2749 αὐτὸ
861 2703 946 2748 τοῦ
953 2720 1003 2749 το
1030 2698 1055 2750 ὁ
1094 2696 1239 2759 αυτὸς
1267 2695 1412 2759 οὕτος
1438 2693 1639 2778 ποιητὴς
1663 2718 1873 2761 μαρτυρε
1854 2705 1908 2748 εἰ.

325 2771 378 2822 τὸ
414 2793 505 2837 γαρ
542 2769 677 2821 δεύτε
658 2789 768 2832 ειροι
802 2770 932 2819 ἕστιι
970 2768 1105 2839 αὐτῷ
1143 2769 1254 2819 εκοιὶ
1289 2769 1419 2829 τέλος
1453 2764 1600 2827 αὐτὸς
1636 2768 1776 2832 ἐ”χει.
1835 2774 1910 2820 ubi

326 2848 473 2892 Schol.
510 2863 554 2908 p.
583 2845 708 2892 402.
744 2835 1020 2904 Ευριπίδης
1055 2842 1104 2889 ἐν
1139 2859 1408 2919 απρακτοις
1452 2836 1661 2904 δράμασι
1705 2837 1824 2902 φησὶ
1859 2837 1910 2888 τὸ

329 2908 482 2972 ’Ζευς
507 2942 575 2949 -
600 2909 1001 2974 ἅψειδέστατοςζ
1030 2907 1131 2960 εἶτα
1157 2909 1252 2975 μετ’
1282 2904 1487 2974 ὀλίγον
1500 2908 1581 2957 καὶ
1609 2909 1738 2967 τέλος
1763 2904 1910 2969 αὐτὸς
