2077 3139
797 100 1046 145 ΦΑΕΘΩΝ
1518 166 1521 167 ⁷
1622 107 1727 163 209

310 239 562 294 κινοῦσιν
591 246 821 310 ποίμνας
853 240 1061 299 ἐλάται·

311 324 558 389 ἔγρονται
591 327 622 377 6
632 321 644 341 ’
680 328 756 388 εἰς
786 323 1025 394 βοτάναν

308 406 521 468 ξανθᾶν
550 403 748 462 πώλων
779 415 1043 479 συζυγίαι.

307 483 413 557 ἤδη
446 492 478 542 6
489 485 501 503 ²
536 494 612 554 εἰς
643 495 774 560 ἔργα
804 496 1032 564 κυναγοὶ

306 576 615 642 στείχουσιν
644 573 968 647 θηροφόνοι,
1665 601 1722 646 30

304 661 536 723 πηγαῐσί
560 653 606 710 τ’
644 658 733 711 ἐπ’
762 655 1025 716 Ὠκεανοῦ

302 736 556 807 μελιβόας
587 737 784 806 κύκνος
813 738 945 813 ἄχεϊ

301 842 489 876 ακατοι
523 818 574 876 6’
608 820 904 894 ἆναγονται
933 822 1028 882 υπ’
1069 834 1303 902 εἰρεσίας
1440 853 1550 907 στρ.
1585 833 1636 907 β’

299 899 517 975 ἀνέμων
547 903 596 960 τ’
632 903 850 964 εὐαέσιν
881 913 1090 982 ῥοθίοις

298 983 405 1041 ἆνά
438 986 490 1042 6’
526 993 637 1044 ίστί
677 1033 924 1049 .....
1660 1018 1714 1063 35

292 1368 502 1460 ‹nchbv
532 1407 591 1461 δε
621 1408 889 1480 πρότονον
920 1415 1006 1468 ἐπὶ
1038 1418 1205 1485 μέσον
1235 1418 1470 1475 πελασει.

292 1511 356 1542 τα
386 1512 485 1558 μεν
515 1513 619 1545 ουν
651 1494 875 1565 ἑτέροισι
904 1498 1134 1569 μέριμνα
1164 1504 1329 1558 πε’.λει
1429 1528 1540 1562 αντ.
1575 1503 1626 1575 β’

293 1572 474 1641 κῶμον
508 1571 559 1627 δ’
594 1570 874 1646 υμεναίων
907 1581 1264 1640 δεσποσύνων

293 1656 383 1725 ἐμε
413 1657 501 1711 καὶ
533 1656 591 1713 τὸ
623 1661 886 1717 ὃίκαιον’
865 1661 983 1733 α’γει
1014 1668 1103 1720 καὶ
1137 1673 1270 1738 ἔρως

289 1736 512 1808 ὑμνεῖν
547 1745 756 1812 δμωσὶν
794 1744 896 1816 γὰρ
927 1771 1178 1806 ανακτων
1651 1772 1706 1814 40

291 1818 544 1893 ευαμεροι
575 1832 897 1895 προσιοῦσαι

286 1909 488 1976 μολπαὶ
518 1907 727 1979 θράσος
757 1911 974 1982 αἰ’ρουσ’

288 1991 375 2044 ἐπὶ
404 1989 633 2062 χαρματ’
655 2009 663 2017 ·
698 2000 749 2050 εἰ
778 1998 838 2052 δὲ
866 1996 1003 2070 τύχα
1032 2023 1082 2055 τι
1112 2003 1283 2074 τέκοι,

286 2073 465 2142 βαρυν
493 2081 690 2145 βαρεῖα
720 2078 896 2150 φόβον
926 2087 1132 2154 ἔπεμψε
1161 2110 1336 2157 φατις.

283 2151 514 2253 ὁρίζεται
547 2161 606 2215 δε
635 2159 760 2217 τόδε
791 2188 927 2235 φαος
958 2165 1148 2239 γάμων
1176 2172 1344 2243 τέλος,
1646 2191 1701 2233 45

284 2238 342 2294 τὸ
377 2238 444 2310 δή
474 2241 593 2298 ποτ’
632 2243 813 2317 εὗχαις
846 2247 949 2319 ἐγω

277 2326 574 2394 Ϊισσομένα
604 2333 880 2401 προσέβαν

279 2409 545 2476 ὑμέναιον
574 2408 752 2468 ἀεῖσαι

280 2496 445 2560 φίλον
474 2497 655 2562 φίλων
687 2500 969 2555 δεσποτᾶν.

278 2570 407 2638 θεὸς
439 2579 638 2648 ἔδωκε,
670 2578 866 2650 χρόνος
897 2589 1091 2654 ἔκρανε
1642 2607 1697 2649 50

278 2658 428 2728 λέχος
460 2661 668 2730 ἐμοῖσιν
698 2659 959 2735 ἆρχέταις.

280 2746 374 2795 ἴτω
405 2749 585 2799 τελεία
616 2743 807 2816 γάμων
837 2746 1012 2806 ἀοιδά.

277 2817 398 2877 ἀλλ’
432 2822 529 2881 ὅδε
559 2828 661 2900 γὰρ
695 2829 762 2901 δὴ
794 2832 1051 2902 βασιλεῦς
1082 2837 1186 2910 πρὸ
1219 2838 1403 2911 δόμων

173 2923 299 2958 ΕΜ.
322 2935 406 2961 von.
429 2937 484 2963 m.
1310 2937 1360 2973 14
