2077 3139
762 111 1140 153 MEAANIIIHH
1669 109 1766 161 139

927 247 1030 300 512

349 344 406 395 τί
434 336 485 395 δ’
521 336 679 405 ἄλλω
711 335 870 408 φωνὴ
901 339 992 392 καὶ
1023 336 1149 393 σκιὰ
1178 339 1355 408 γέρων
1387 332 1541 408 ἆνῆρ.

287 435 566 482 Stob.F10r.
607 435 731 493 116,
769 435 819 480 7:
864 424 1139 495 Εὐριπίδου
1182 432 1525 493 Μελανίππης.
1593 429 1670 477 ετί
1706 456 1762 466 --

183 491 355 567 ἆνη’ρ’.

927 569 1030 621 513

348 671 542 729 παπαῖ,
574 659 694 724 νεός
726 658 815 713 καὶ
847 656 1032 724 σκαιὸς
1064 655 1175 726 οἰός
1208 655 1317 714 ἐστ
1355 654 1510 727 ἆνηρ.

286 756 409 834 Stob.
435 755 554 801 Flor.
582 755 664 814 52,
692 756 745 802 3:
769 750 1046 814 Εὐριπίδου
1066 752 1389 813 Μελανίππη.
1433 750 1634 811 παπαί,
1662 748 1766 808 νέος

186 851 248 857 —
276 814 447 887 ἀνήρ
928 890 1034 942 514

349 977 454 1050 ἐγώ
485 980 584 1051 μὲν
613 969 715 1035 οὖν
744 975 844 1034 οὐκ
874 976 982 1035 οἶδ’
1015 976 1161 1045 ὅπως
1193 991 1420 1036 σκοπεῖν
1450 974 1627 1051 χρεών

346 1062 448 1133 τὴν
480 1060 793 1133 εὐγένειαν·
826 1062 951 1128 τοὺς
981 1063 1085 1134 γὰρ
1111 1062 1402 1131 ἀνδρείους
1433 1060 1607 1133 φύσιν

349 1149 438 1201 καὶ
469 1145 595 1211 τους
628 1151 873 1211 δικαίους
902 1149 1012 1201 τῶν
1042 1150 1220 1204 κενῶν
1252 1143 1624 1216 δοξασμάτων,

348 1226 452 1285 κᾶν
483 1221 581 1285 οἷσι
612 1228 848 1298 δούλων,
882 1232 1303 1301 εὐγενεστέρους
1335 1232 1490 1300 λέγω.

287 1327 412 1372 Stob.
440 1327 558 1372 Flor.
593 1327 684 1384 86,
688 1327 775 1384 9:
814 1315 1086 1385 Ευριπίδου
1125 1323 1470 1384 Μελανίππης.
1523 1314 1665 1404 ‘gymn'w
1680 1320 1737 1384 μὲ
1719 1341 1769 1371 εν

181 1393 439 1456 -λέγω’.
472 1411 551 1441 ..vs
583 1397 608 1441 1
647 1387 738 1440 οὖν
760 1386 863 1440 οὐκ
897 1388 992 1440 οἶδ’
1022 1387 1154 1451 ὅπως
1179 1396 1353 1455 Matth,
1394 1387 1487 1441 οὐκ
1512 1385 1611 1439 οἶδ’
1638 1388 1769 1450 ὁπως

182 1457 241 1524 δη
269 1467 384 1512 libri.
436 1481 498 1510 vs.
520 1465 548 1510 2
579 1481 644 1526 sq.
672 1480 756 1520 τας
780 1481 873 1527 γαρ
898 1457 1128 1525 ἀνδρείας
1154 1462 1329 1524 φύσεις
1354 1461 1436 1510 καὶ
1462 1479 1551 1520 τας
1577 1462 1766 1520 δικαίας

180 1531 263 1581 καὶ
289 1550 434 1585 κενας
458 1536 804 1581 Heimsoethius.
856 1551 920 1582 vs.
946 1536 979 1581 4
1006 1527 1338 1597 εὐγενεστέρας
1362 1536 1709 1582 Heimsoethius.

925 1671 1029 1723 515

353 1761 553 1815 δοῦλον
584 1758 685 1830 γὰρ
721 1757 923 1816 ἐσθλὸν
951 1757 1166 1832 τοῦνομ’
1203 1755 1267 1816 οὐ
1301 1738 1615 1832 διαφθερεῖ,

353 1844 543 1899 πολλοὶ
577 1841 628 1897 δ’
662 1839 918 1914 ἀμείνους
951 1845 1056 1900 εἰσὶ
1084 1846 1196 1899 τῶν
1228 1845 1554 1913 ἐλευθέρων.
1594 1895 1602 1905 ,

286 1938 408 1985 Stob.
449 1939 568 1985 Flor.
609 1939 700 1998 62,
737 1940 826 1987 38:
866 1931 1141 1999 Εὐριπίδου
1168 1936 1511 1998 Μελανίππης.
1564 1937 1769 1985 (δοῦλον

187 2033 243 2042 -
275 2003 593 2067 ἐλευθέρων’.
642 2025 705 2055 vs.
736 2007 760 2054 1
789 2010 958 2070 legitur
982 2012 1026 2056 in
1051 2011 1170 2056 Flor.
1196 2011 1364 2056 Monac.
1396 2011 1495 2058 130
1519 2025 1562 2071 p.
1583 2010 1699 2068 277,
1721 2011 1767 2056 4.

929 2145 1032 2197 516

349 2229 513 2304 ἀργὸς
543 2239 764 2304 πολίτης
795 2248 992 2305 κεινος,
1026 2258 1098 2299 ως
1129 2232 1291 2300 κακός
1323 2231 1376 2303 γ’
1414 2229 1572 2304 ἆνήρ.

285 2329 408 2376 Stob.
435 2331 554 2375 Flor.
582 2330 674 2389 30,
705 2332 793 2376 11:
829 2322 1103 2391 Εὐριπίδου
1127 2329 1446 2395 Μελανίππῃ.
1501 2320 1679 2391 εοἰργὸς
1707 2354 1766 2365 -

179 2387 353 2459 ἆνήρ’.

925 2466 1025 2517 517

347 2562 476 2618 ἴσως
506 2551 762 2623 ἆλάστορ’
799 2550 899 2610 οὐκ
931 2554 1193 2626 ἐτόλμησε
1225 2566 1462 2611 κτανεῖν.

282 2650 520 2696 Erotianus
547 2651 691 2696 Gloss.
718 2651 929 2710 Hippoer.
957 2666 1000 2711 p.
1030 2651 1113 2708 46,
1141 2651 1194 2698 5:
1221 2640 1506 2708 ἀλάστορες·
1536 2650 1770 2709 Βακχεῖος

179 2711 269 2774 μὲν
300 2714 353 2763 ἐν
386 2713 576 2809 πρώτῳε
599 2720 766 2777 φονεῖς
801 2717 979 2779 φησίν,
1017 2715 1069 2764 ἐκ
1103 2737 1187 2803 της
1212 2712 1486 2777 Εὐριπίδου
1511 2717 1768 2765 Μελανίπ-

177 2802 271 2845 πης
304 2784 576 2849 λέγοντοςε
591 2786 709 2844 ἴσως
734 2813 805 2824 —-
838 2789 1064 2834 κτανεῖν’
1134 2787 1252 2846 ἴσως
1289 2797 1572 2850 suspectum,
1612 2787 1770 2846 δείσας

179 2858 370 2904 coniecit
394 2858 638 2919 Pssugkius.
689 2845 829 2904 ε’σωσ’
857 2848 1084 2920 ἆλοὶστορ’
1114 2851 1222 2904 οὐδ’
1254 2861 1522 2920 Conington.
