2077 3139
900 125 1129 166 ΑΙΟΛΟΣ
1782 117 1815 171 'l

393 268 430 341 ἤ
459 267 506 326 τ’
537 267 830 339 Ἀφροδίτη
860 279 972 330 τοῖς
1002 267 1260 337 γέρουσιν
1290 262 1526 335 ἄχθεται.

329 366 451 411 Stob.
491 367 606 410 Flor.
638 364 754 420 116,
784 363 865 408 38.
902 370 1143 421 utrumque
1180 375 1353 404 versum
1392 361 1518 405 uss'ert
1553 357 1668 403 Plut.
1705 358 1817 403 Mur.

223 450 268 496 p.
299 435 395 482 285
423 436 470 492 B,
499 449 557 478 vs.
589 433 616 478 2
648 433 759 477 idem
787 447 828 491 p.
860 432 957 477 786
985 436 1017 475 A
1047 438 1090 475 et
1116 446 1157 490 p.
1191 429 1321 476 1094
1348 429 1393 472 F.

394 653 562 710 κακὸν
592 667 827 724 γυναῖκα
859 649 990 723 πρὸς
1023 653 1156 707 νέαν
1187 653 1362 718 ζεῦξαι
1393 651 1543 706 νέον·

392 739 570 808 μακρὰ
600 735 702 807 γὰρ
736 735 890 808 ἰσχύς
920 737 1125 806 μᾶλλον
1156 733 1403 805 ἀρσένων
1433 737 1610 805 μένει,

397 819 595 890 θήλεια
628 816 681 875 δ’
715 818 823 889 ἥβη
853 821 1068 874 θᾶσσον
1099 820 1334 872 ἐκλείπει
1368 819 1547 888 δέμας.

331 916 452 961 Stob.
475 916 593 961 Flor.
624 917 704 964 71,
733 915 777 961 3.
823 929 1001 959 versum
1023 915 1047 959 1
1078 928 1178 959 cum
1204 913 1303 959 aliis
1330 913 1504 959 duobus
1531 914 1822 960 coniunctum

226 986 428 1031 Clemens
455 986 575 1031 Alex.
605 984 738 1030 habet
764 983 835 1042 (sr.
865 984 997 1041 906).

991 1089 1060 1141 25

394 1185 505 1251 φεῦ
535 1182 664 1250 φεῦ,
696 1177 922 1244 παλαιὸς
954 1177 1104 1241 αἶνος
1137 1173 1208 1242 ὡς
1239 1183 1417 1242 καλῶς
1450 1183 1586 1250 ἔχει·

396 1265 646 1368 γέροντες
677 1258 843 1317 οὐδέν
877 1265 1038 1332 ἐσμεν
1069 1256 1199 1316 ἄλλο
1232 1259 1376 1330 πλὴν
1405 1259 1559 1333 ὄχλος

395 1347 486 1400 καὶ
517 1342 704 1416 σχῆμ’
738 1340 970 1415 ὀνείρων
1003 1340 1056 1398 δ’
1093 1346 1329 1414 ἔρπομεν
1359 1361 1664 1415 μιμηματα·

396 1431 525 1493 νοῦς
560 1428 608 1482 δ’
646 1424 747 1482 οὐκ
779 1434 1018 1497 ἔνεστιν,
1049 1425 1314 1497 οἰόμεσθα
1349 1423 1401 1482 δ’
1439 1427 1499 1483 εὐ
1531 1441 1778 1498 φρονεῖν,

336 1523 600 1570 Stob.F10r
625 1525 742 1581 116,
770 1523 818 1568 4.
857 1540 919 1568 vs.
950 1525 974 1568 1
1005 1523 1159 1567 iisdem
1189 1524 1334 1568 ve1his
1360 1524 1529 1601 legitur
1556 1525 1609 1568 sr.
1641 1523 1825 1579 344,1.

228 1609 292 1639 vs.
335 1594 363 1638 2
417 1585 559 1638 οὐδὲν
603 1586 768 1654 ἐσμὲν]
821 1587 960 1651 ἐσμὲν
1005 1581 1150 1638 ουδὲν
1195 1594 1229 1636 Α
1273 1593 1402 1638 Voss.
1471 1583 1634 1655 όχλος]
1687 1584 1827 1654 λόγος

230 1663 559 1720 Valckenarius,
587 1655 753 1721 ψόφος
781 1663 1015 1707 Hirzelius.

993 1767 1061 1818 26

398 1863 465 1930 τῇ
499 1854 550 1913 δ’
580 1854 872 1930 Ἀφροδίτῃ
904 1853 1063 1913 πόλλ’
1100 1863 1276 1914 ἔνεστι
1308 1861 1556 1912 ποικίλα·

396 1943 582 2011 τέρπει
611 1963 668 1996 τε
698 1939 804 2011 γὰρ
835 1939 1064 2011 μάλιστα
1099 1943 1186 1996 καὶ
1221 1948 1382 1996 λυπεῖ
1412 1936 1660 2011 βροτούς.

397 2023 610 2095 τύχοιμι
644 2021 691 2079 δ’
731 2023 899 2095 αὐτῆς
929 2022 1079 2095 ἡνίκ’
1117 2026 1264 2080 ἐστὶν
1297 2021 1543 2095 εὐμενής.

340 2119 463 2166 Stob.
492 2121 610 2166 Flor.
640 2120 722 2179 63,
752 2122 795 2166 1.

399 2279 432 2357 ἧ
464 2286 642 2359 βραχύ
671 2311 752 2343 τοι
785 2290 984 2352 σθένος
1017 2287 1238 2360 ἀνέρος·
1271 2284 1408 2342 ἀλλὰ

401 2377 643 2443 ποικιλίᾳ
674 2377 967 2442 πραπίδων

401 2453 555 2507 δεινὰ
586 2454 686 2524 μὲν
717 2458 864 2524 φῦλα
897 2453 1100 2510 πόντου

400 2542 646 2606 χθονίων
674 2534 721 2591 τ’
760 2536 963 2606 ἀερίων
992 2560 1049 2592 τε

401 2617 670 2690 δάμναται
701 2620 1056 2691 παιδεύματα.
1461 2637 1488 2678 5

335 2715 450 2759 ΡΙυῑ.
496 2716 604 2760 Mor.
651 2731 692 2775 p.
733 2716 830 2762 959
869 2717 922 2761 D:
968 2709 1261 2775 ἐπαινούσης
1305 2708 1359 2761 τὸ
1398 2706 1722 2772 Εὐριπίδειον
1764 2705 1832 2776 (ἦ

232 2778 390 2842 βραχύ
434 2808 504 2816 ---
539 2777 888 2843 παιδεύματα’.
960 2787 1147 2831 cundem
1191 2786 1337 2831 locum
1383 2787 1516 2831 hahet
1554 2786 1670 2831 Plut.
1718 2787 1829 2831 Mor.

232 2866 276 2912 1).
321 2853 385 2899 98
429 2854 478 2898 Ε.
540 2854 732 2900 subulam
776 2855 939 2900 indicat
984 2855 1108 2901 Stoh.
1154 2857 1271 2901 Flor.
1318 2855 1400 2913 54,
1447 2857 1500 2902 6:
1551 2847 1829 2917 Εὐριπίδου
