<?xml version="1.0" encoding="UTF-8"?>
<!DOCTYPE html PUBLIC "-//W3C//DTD XHTML 1.0 Transitional//EN"
    "http://www.w3.org/TR/xhtml1/DTD/xhtml1-transitional.dtd">
<html xmlns="http://www.w3.org/1999/xhtml" xml:lang="en" lang="en">
 <head>
  <title>
</title>
<meta http-equiv="Content-Type" content="text/html;charset=utf-8" />
  <meta name='ocr-system' content='tesseract 3.04.00' />
  <meta name='ocr-capabilities' content='ocr_page ocr_carea ocr_par ocr_line ocrx_word'/>
</head>
<body>
  <div class='ocr_page' id='page_1' title='image "./euripidistragoe03euriuoft_0258.png"; bbox 0 0 2077 3139; ppageno 0'>
   <div class='ocr_carea' id='block_1_1' title="bbox 4 2775 19 3139">
    <p class='ocr_par' dir='ltr' id='par_1_1' title="bbox 4 2775 19 3139">
     <span class='ocr_line' id='line_1_1' title="bbox 4 2775 19 3139; textangle 90"><span class='ocrx_word' id='word_1_1' title='bbox 10 2971 19 3139; x_wconf 56' lang='lat' dir='ltr'><em>ouv-aeu—</em></span> <span class='ocrx_word' id='word_1_2' title='bbox 6 2852 14 2956; x_wconf 43' lang='grc' dir='ltr'><em>ῳ-ι-.-αν</em></span> <span class='ocrx_word' id='word_1_3' title='bbox 5 2834 9 2843; x_wconf 83' lang='grc'><strong>-</strong></span> <span class='ocrx_word' id='word_1_4' title='bbox 4 2796 10 2821; x_wconf 64' lang='grc'><em>-«</em></span> <span class='ocrx_word' id='word_1_5' title='bbox 6 2775 10 2785; x_wconf 68' lang='lat'><strong>&lt;</strong></span> 
     </span>
    </p>
   </div>
   <div class='ocr_carea' id='block_1_2' title="bbox 332 139 1233 196">
    <p class='ocr_par' dir='ltr' id='par_1_2' title="bbox 332 139 1233 196">
     <span class='ocr_line' id='line_1_2' title="bbox 332 139 1233 196; baseline -0.004 -1"><span class='ocrx_word' id='word_1_6' title='bbox 332 142 437 196; x_wconf 78' lang='lat'><em>226</em></span> <span class='ocrx_word' id='word_1_7' title='bbox 1020 139 1233 191; x_wconf 70' lang='lat' dir='ltr'>‹1²01le</span> 
     </span>
    </p>
   </div>
   <div class='ocr_carea' id='block_1_3' title="bbox 1085 283 1187 335">
    <p class='ocr_par' dir='ltr' id='par_1_3' title="bbox 1085 283 1187 335">
     <span class='ocr_line' id='line_1_3' title="bbox 1085 283 1187 335; baseline 0 0"><span class='ocrx_word' id='word_1_8' title='bbox 1085 283 1187 335; x_wconf 77' lang='lat'><em>805</em></span> 
     </span>
    </p>
   </div>
   <div class='ocr_carea' id='block_1_4' title="bbox 437 369 1564 528">
    <p class='ocr_par' dir='ltr' id='par_1_4' title="bbox 437 369 1564 528">
     <span class='ocr_line' id='line_1_4' title="bbox 499 369 1564 445; baseline 0.003 -17"><span class='ocrx_word' id='word_1_9' title='bbox 499 369 644 443; x_wconf 86' lang='grc' dir='ltr'><em>γυνή</em></span> <span class='ocrx_word' id='word_1_10' title='bbox 672 395 730 428; x_wconf 91' lang='grc' dir='ltr'><em>τε</em></span> <span class='ocrx_word' id='word_1_11' title='bbox 759 370 983 429; x_wconf 75' lang='grc' dir='ltr'><em>πάντων</em></span> <span class='ocrx_word' id='word_1_12' title='bbox 1013 369 1350 445; x_wconf 78' lang='grc' dir='ltr'><em>ἀγριώτατον</em></span> <span class='ocrx_word' id='word_1_13' title='bbox 1382 371 1564 432; x_wconf 85' lang='grc' dir='ltr'><em>κακόν.</em></span> 
     </span>
     <span class='ocr_line' id='line_1_5' title="bbox 437 467 927 528; baseline 0.002 -14"><span class='ocrx_word' id='word_1_14' title='bbox 437 467 561 515; x_wconf 76' lang='lat' dir='ltr'>Stob.</span> <span class='ocrx_word' id='word_1_15' title='bbox 587 469 705 515; x_wconf 85' lang='lat' dir='ltr'><strong>Flor.</strong></span> <span class='ocrx_word' id='word_1_16' title='bbox 738 469 818 528; x_wconf 85' lang='lat'><em>73,</em></span> <span class='ocrx_word' id='word_1_17' title='bbox 847 469 927 515; x_wconf 84' lang='lat'><em>57.</em></span> 
     </span>
    </p>
   </div>
   <div class='ocr_carea' id='block_1_5' title="bbox 1080 561 1182 613">
    <p class='ocr_par' dir='ltr' id='par_1_5' title="bbox 1080 561 1182 613">
     <span class='ocr_line' id='line_1_6' title="bbox 1080 561 1182 613; baseline 0 0"><span class='ocrx_word' id='word_1_18' title='bbox 1080 561 1182 613; x_wconf 90' lang='grc'><em>806</em></span> 
     </span>
    </p>
   </div>
   <div class='ocr_carea' id='block_1_6' title="bbox 438 647 1623 892">
    <p class='ocr_par' dir='ltr' id='par_1_6' title="bbox 438 647 1618 892">
     <span class='ocr_line' id='line_1_7' title="bbox 911 647 1618 722; baseline 0.001 -16"><span class='ocrx_word' id='word_1_19' title='bbox 911 653 967 706; x_wconf 77' lang='lat'><em>015</em></span> <span class='ocrx_word' id='word_1_20' title='bbox 993 665 1190 722; x_wconf 82' lang='grc' dir='ltr'><em>πεῖραν</em></span> <span class='ocrx_word' id='word_1_21' title='bbox 1220 647 1285 707; x_wconf 81' lang='grc' dir='ltr'><em>οὐ</em></span> <span class='ocrx_word' id='word_1_22' title='bbox 1319 649 1618 716; x_wconf 77' lang='grc' dir='ltr'><em>δεδωκότες</em></span> 
     </span>
     <span class='ocr_line' id='line_1_8' title="bbox 501 697 1623 807; baseline 0.002 -19"><span class='ocrx_word' id='word_1_23' title='bbox 501 697 708 805; x_wconf 40' lang='lat' dir='ltr'><em>adst-stov</em></span> <span class='ocrx_word' id='word_1_24' title='bbox 740 731 1089 800; x_wconf 79' lang='grc' dir='ltr'><em>δοκοῦντες</em></span> <span class='ocrx_word' id='word_1_25' title='bbox 1057 758 1091 805; x_wconf 89' lang='grc' dir='ltr'><em>η</em></span> <span class='ocrx_word' id='word_1_26' title='bbox 1122 733 1424 806; x_wconf 76' lang='grc' dir='ltr'><strong><em>πεφυκότες</em></strong></span> <span class='ocrx_word' id='word_1_27' title='bbox 1455 740 1623 807; x_wconf 82' lang='grc' dir='ltr'><em>σοφοί</em></span> 
     </span>
     <span class='ocr_line' id='line_1_9' title="bbox 438 830 1450 892; baseline 0.002 -16"><span class='ocrx_word' id='word_1_28' title='bbox 438 830 531 876; x_wconf 93' lang='grc' dir='ltr'><strong>Ιο11.</strong></span> <span class='ocrx_word' id='word_1_29' title='bbox 558 831 754 876; x_wconf 80' lang='lat' dir='ltr'>Damaso</span> <span class='ocrx_word' id='word_1_30' title='bbox 784 839 888 891; x_wconf 84' lang='lat' dir='ltr'><em>post</em></span> <span class='ocrx_word' id='word_1_31' title='bbox 915 831 962 876; x_wconf 74' lang='lat' dir='ltr'><em>St</em></span> <span class='ocrx_word' id='word_1_32' title='bbox 968 832 1040 877; x_wconf 87' lang='lat' dir='ltr'><em>ob.</em></span> <span class='ocrx_word' id='word_1_33' title='bbox 1066 832 1155 878; x_wconf 88' lang='lat' dir='ltr'>Ecl.</span> <span class='ocrx_word' id='word_1_34' title='bbox 1182 847 1226 892; x_wconf 91' lang='lat' dir='ltr'>p</span> <span class='ocrx_word' id='word_1_35' title='bbox 1258 833 1374 891; x_wconf 82' lang='lat'><em>697,</em></span> <span class='ocrx_word' id='word_1_36' title='bbox 1403 831 1450 878; x_wconf 83' lang='lat'><em>2.</em></span> 
     </span>
    </p>
   </div>
   <div class='ocr_carea' id='block_1_7' title="bbox 1085 966 1183 1018">
    <p class='ocr_par' dir='ltr' id='par_1_7' title="bbox 1085 966 1183 1018">
     <span class='ocr_line' id='line_1_10' title="bbox 1085 966 1183 1018; baseline 0.01 -1"><span class='ocrx_word' id='word_1_37' title='bbox 1085 966 1183 1018; x_wconf 81' lang='grc'><em>807</em></span> 
     </span>
    </p>
   </div>
   <div class='ocr_carea' id='block_1_8' title="bbox 439 1047 1715 1294">
    <p class='ocr_par' dir='ltr' id='par_1_8' title="bbox 439 1047 1714 1283">
     <span class='ocr_line' id='line_1_11' title="bbox 500 1047 1714 1154; baseline 0.002 -45"><span class='ocrx_word' id='word_1_38' title='bbox 500 1055 753 1126; x_wconf 81' lang='grc' dir='ltr'><em>μέγιστον</em></span> <span class='ocrx_word' id='word_1_39' title='bbox 784 1047 873 1127; x_wconf 77' lang='grc' dir='ltr'><em>ἆρ’</em></span> <span class='ocrx_word' id='word_1_40' title='bbox 909 1047 976 1126; x_wconf 80' lang='grc' dir='ltr'><em>ἦν</em></span> <span class='ocrx_word' id='word_1_41' title='bbox 1001 1053 1043 1154; x_wconf 46' lang='grc' dir='ltr'><em>,ἡ</em></span> <span class='ocrx_word' id='word_1_42' title='bbox 1075 1054 1209 1127; x_wconf 82' lang='grc' dir='ltr'><em>φύσι</em></span> <span class='ocrx_word' id='word_1_43' title='bbox 1215 1072 1263 1121; x_wconf 92' lang='grc' dir='ltr'><em>ς·</em></span> <span class='ocrx_word' id='word_1_44' title='bbox 1309 1055 1367 1111; x_wconf 87' lang='grc' dir='ltr'><em>τὸ</em></span> <span class='ocrx_word' id='word_1_45' title='bbox 1410 1055 1513 1127; x_wconf 81' lang='grc' dir='ltr'><em>γὰρ</em></span> <span class='ocrx_word' id='word_1_46' title='bbox 1545 1053 1714 1112; x_wconf 80' lang='grc' dir='ltr'><em>κακὸν</em></span> 
     </span>
     <span class='ocr_line' id='line_1_12' title="bbox 500 1137 1715 1212; baseline 0.003 -19"><span class='ocrx_word' id='word_1_47' title='bbox 500 1137 683 1203; x_wconf 79' lang='grc' dir='ltr'><em>οὐδεὶς</em></span> <span class='ocrx_word' id='word_1_48' title='bbox 713 1141 930 1210; x_wconf 80' lang='grc' dir='ltr'><em>τρέφων</em></span> <span class='ocrx_word' id='word_1_49' title='bbox 962 1140 1021 1195; x_wconf 87' lang='grc' dir='ltr'><em>εὐ</em></span> <span class='ocrx_word' id='word_1_50' title='bbox 1052 1139 1286 1212; x_wconf 88' lang='grc' dir='ltr'><em>χρηστὸν</em></span> <span class='ocrx_word' id='word_1_51' title='bbox 1316 1163 1385 1196; x_wconf 90' lang='grc' dir='ltr'><em>αν</em></span> <span class='ocrx_word' id='word_1_52' title='bbox 1413 1146 1541 1211; x_wconf 83' lang='grc' dir='ltr'><em>θείη</em></span> <span class='ocrx_word' id='word_1_53' title='bbox 1572 1141 1715 1196; x_wconf 84' lang='grc' dir='ltr'><em>ποτέ.</em></span> 
     </span>
     <span class='ocr_line' id='line_1_13' title="bbox 439 1233 895 1294; baseline 0.009 -14"><span class='ocrx_word' id='word_1_54' title='bbox 439 1233 563 1281; x_wconf 86' lang='lat' dir='ltr'>Stob.</span> <span class='ocrx_word' id='word_1_55' title='bbox 592 1236 712 1282; x_wconf 85' lang='lat' dir='ltr'><strong>Flor.</strong></span> <span class='ocrx_word' id='word_1_56' title='bbox 741 1236 823 1294; x_wconf 84' lang='lat'><em>90,</em></span> <span class='ocrx_word' id='word_1_57' title='bbox 853 1237 895 1283; x_wconf 85' lang='lat'><em>6.</em></span> 
     </span>
    </p>
   </div>
   <div class='ocr_carea' id='block_1_9' title="bbox 1085 1330 1186 1382">
    <p class='ocr_par' dir='ltr' id='par_1_9' title="bbox 1085 1330 1186 1382">
     <span class='ocr_line' id='line_1_14' title="bbox 1085 1330 1186 1382; baseline 0 0"><span class='ocrx_word' id='word_1_58' title='bbox 1085 1330 1186 1382; x_wconf 84' lang='lat'><em>808</em></span> 
     </span>
    </p>
   </div>
   <div class='ocr_carea' id='block_1_10' title="bbox 499 1415 1689 1490">
    <p class='ocr_par' dir='ltr' id='par_1_10' title="bbox 499 1415 1689 1490">
     <span class='ocr_line' id='line_1_15' title="bbox 499 1415 1689 1490; baseline 0.003 -18"><span class='ocrx_word' id='word_1_59' title='bbox 499 1415 718 1489; x_wconf 75' lang='grc' dir='ltr'><em>τάφανῆ</em></span> <span class='ocrx_word' id='word_1_60' title='bbox 747 1425 1115 1490; x_wconf 78' lang='grc' dir='ltr'><em>τεκμηρίοισιν</em></span> <span class='ocrx_word' id='word_1_61' title='bbox 1147 1418 1366 1485; x_wconf 82' lang='grc' dir='ltr'><em>εἰκότως</em></span> <span class='ocrx_word' id='word_1_62' title='bbox 1397 1418 1689 1477; x_wconf 79' lang='grc' dir='ltr'><em>ἁλίσκεται.</em></span> 
     </span>
    </p>
   </div>
   <div class='ocr_carea' id='block_1_11' title="bbox 334 1506 1925 1924">
    <p class='ocr_par' dir='ltr' id='par_1_11' title="bbox 334 1506 1925 1924">
     <span class='ocr_line' id='line_1_16' title="bbox 440 1506 1925 1595; baseline 0.002 -37"><span class='ocrx_word' id='word_1_63' title='bbox 440 1514 572 1559; x_wconf 85' lang='lat' dir='ltr'>Clem.</span> <span class='ocrx_word' id='word_1_64' title='bbox 600 1516 720 1562; x_wconf 82' lang='lat' dir='ltr'><strong>Alex.</strong></span> <span class='ocrx_word' id='word_1_65' title='bbox 750 1516 913 1562; x_wconf 83' lang='lat' dir='ltr'>Strom.</span> <span class='ocrx_word' id='word_1_66' title='bbox 942 1517 993 1561; x_wconf 93' lang='lat' dir='ltr'><em>VI</em></span> <span class='ocrx_word' id='word_1_67' title='bbox 1026 1531 1071 1576; x_wconf 90' lang='lat' dir='ltr'><em>p.</em></span> <span class='ocrx_word' id='word_1_68' title='bbox 1101 1516 1224 1562; x_wconf 82' lang='lat'><em>746:</em></span> <span class='ocrx_word' id='word_1_69' title='bbox 1262 1506 1539 1576; x_wconf 80' lang='grc' dir='ltr'><em>Εὐριπίὸου</em></span> <span class='ocrx_word' id='word_1_70' title='bbox 1577 1511 1627 1562; x_wconf 81' lang='grc' dir='ltr'><em>ὁὲ</em></span> <span class='ocrx_word' id='word_1_71' title='bbox 1654 1510 1705 1560; x_wconf 83' lang='grc' dir='ltr'><em>ἐν</em></span> <span class='ocrx_word' id='word_1_72' title='bbox 1738 1511 1842 1595; x_wconf 78' lang='grc' dir='ltr'><em>μὲν</em></span> <span class='ocrx_word' id='word_1_73' title='bbox 1852 1514 1925 1580; x_wconf 72' lang='grc' dir='ltr'><em>τῷ</em></span> 
     </span>
     <span class='ocr_line' id='line_1_17' title="bbox 342 1575 1920 1661; baseline 0.003 -34"><span class='ocrx_word' id='word_1_74' title='bbox 342 1578 573 1649; x_wconf 75' lang='grc' dir='ltr'><em>Οἰνομάῳ</em></span> <span class='ocrx_word' id='word_1_75' title='bbox 582 1581 872 1661; x_wconf 74' lang='grc' dir='ltr'><em>γράφοντος</em></span> <span class='ocrx_word' id='word_1_76' title='bbox 895 1611 966 1619; x_wconf 92' lang='lat'>—</span> <span class='ocrx_word' id='word_1_77' title='bbox 991 1580 1044 1631; x_wconf 73' lang='grc' dir='ltr'><em>ἐν</em></span> <span class='ocrx_word' id='word_1_78' title='bbox 1070 1581 1120 1631; x_wconf 78' lang='grc' dir='ltr'><em>ὄὲ</em></span> <span class='ocrx_word' id='word_1_79' title='bbox 1146 1585 1213 1650; x_wconf 76' lang='grc' dir='ltr'><em>τῷ</em></span> <span class='ocrx_word' id='word_1_80' title='bbox 1246 1584 1492 1631; x_wconf 84' lang='grc' dir='ltr'><em>Φοίνικι</em></span> <span class='ocrx_word' id='word_1_81' title='bbox 1507 1577 1701 1646; x_wconf 68' lang='grc' dir='ltr'><em>τάφανῆ</em></span> <span class='ocrx_word' id='word_1_82' title='bbox 1724 1613 1793 1621; x_wconf 86' lang='grc'><strong>-</strong></span> <span class='ocrx_word' id='word_1_83' title='bbox 1817 1575 1920 1631; x_wconf 77' lang='grc' dir='ltr'><em>ἆλί-</em></span> 
     </span>
     <span class='ocr_line' id='line_1_18' title="bbox 334 1642 1922 1718; baseline 0.003 -21"><span class='ocrx_word' id='word_1_84' title='bbox 334 1653 544 1714; x_wconf 78' lang='grc' dir='ltr'><em>σκεται’,</em></span> <span class='ocrx_word' id='word_1_85' title='bbox 582 1642 838 1715; x_wconf 79' lang='grc' dir='ltr'><em>Υπερίόης</em></span> <span class='ocrx_word' id='word_1_86' title='bbox 873 1650 1049 1716; x_wconf 80' lang='grc' dir='ltr'><em>λέγει</em></span> <span class='ocrx_word' id='word_1_87' title='bbox 1062 1672 1091 1699; x_wconf 88' lang='grc' dir='ltr'><em>α</em></span> <span class='ocrx_word' id='word_1_88' title='bbox 1129 1647 1173 1699; x_wconf 81' lang='grc' dir='ltr'><em>ὂ</em></span> <span class='ocrx_word' id='word_1_89' title='bbox 1213 1651 1339 1700; x_wconf 81' lang='grc' dir='ltr'><em>ἐστὶν</em></span> <span class='ocrx_word' id='word_1_90' title='bbox 1374 1648 1544 1716; x_wconf 70' lang='grc' dir='ltr'><em>οἷφανη</em></span> <span class='ocrx_word' id='word_1_91' title='bbox 1578 1647 1770 1718; x_wconf 73' lang='grc' dir='ltr'><em>ἅναγκη</em></span> <span class='ocrx_word' id='word_1_92' title='bbox 1810 1671 1922 1711; x_wconf 85' lang='grc' dir='ltr'><em>τους</em></span> 
     </span>
     <span class='ocr_line' id='line_1_19' title="bbox 337 1716 1922 1800; baseline 0.003 -33"><span class='ocrx_word' id='word_1_93' title='bbox 337 1716 654 1781; x_wconf 72' lang='grc' dir='ltr'><em>διδάσκοντας</em></span> <span class='ocrx_word' id='word_1_94' title='bbox 693 1723 968 1786; x_wconf 82' lang='grc' dir='ltr'><em>τεκμηρίοις</em></span> <span class='ocrx_word' id='word_1_95' title='bbox 1003 1721 1085 1770; x_wconf 87' lang='grc' dir='ltr'><em>καὶ</em></span> <span class='ocrx_word' id='word_1_96' title='bbox 1129 1726 1228 1782; x_wconf 81' lang='grc' dir='ltr'><em>τοῖς</em></span> <span class='ocrx_word' id='word_1_97' title='bbox 1263 1720 1416 1771; x_wconf 83' lang='grc' dir='ltr'><em>εἰκόσι</em></span> <span class='ocrx_word' id='word_1_98' title='bbox 1452 1724 1657 1800; x_wconf 81' lang='grc' dir='ltr'><em>ζητεῐν’.</em></span> <span class='ocrx_word' id='word_1_99' title='bbox 1720 1727 1922 1773; x_wconf 86' lang='lat' dir='ltr'>Theodo-</span> 
     </span>
     <span class='ocr_line' id='line_1_20' title="bbox 337 1784 1922 1871; baseline 0.002 -32"><span class='ocrx_word' id='word_1_100' title='bbox 337 1802 461 1839; x_wconf 83' lang='lat' dir='ltr'>retus</span> <span class='ocrx_word' id='word_1_101' title='bbox 488 1795 575 1844; x_wconf 85' lang='lat' dir='ltr'><strong>vol.</strong></span> <span class='ocrx_word' id='word_1_102' title='bbox 603 1795 636 1841; x_wconf 88' lang='lat'>4</span> <span class='ocrx_word' id='word_1_103' title='bbox 661 1810 705 1871; x_wconf 91' lang='lat' dir='ltr'><em>p.</em></span> <span class='ocrx_word' id='word_1_104' title='bbox 734 1796 857 1843; x_wconf 83' lang='lat'>881:</span> <span class='ocrx_word' id='word_1_105' title='bbox 886 1791 968 1840; x_wconf 85' lang='grc' dir='ltr'><em>καὶ</em></span> <span class='ocrx_word' id='word_1_106' title='bbox 995 1788 1142 1842; x_wconf 75' lang='grc' dir='ltr'><em>πάλιν</em></span> <span class='ocrx_word' id='word_1_107' title='bbox 1170 1790 1221 1841; x_wconf 81' lang='grc' dir='ltr'><em>ἐν</em></span> <span class='ocrx_word' id='word_1_108' title='bbox 1247 1794 1314 1857; x_wconf 74' lang='grc' dir='ltr'><em>τῷ</em></span> <span class='ocrx_word' id='word_1_109' title='bbox 1345 1793 1585 1842; x_wconf 66' lang='grc' dir='ltr'><em>Φοίνικιε</em></span> <span class='ocrx_word' id='word_1_110' title='bbox 1598 1784 1812 1856; x_wconf 81' lang='grc' dir='ltr'><em>τᾶφανὲς</em></span> <span class='ocrx_word' id='word_1_111' title='bbox 1848 1796 1922 1855; x_wconf 82' lang='lat' dir='ltr'><strong>(al.</strong></span> 
     </span>
     <span class='ocr_line' id='line_1_21' title="bbox 336 1855 951 1924; baseline 0.005 -16"><span class='ocrx_word' id='word_1_112' title='bbox 336 1864 546 1924; x_wconf 81' lang='grc' dir='ltr'><em>ταφανη)</em></span> <span class='ocrx_word' id='word_1_113' title='bbox 571 1891 639 1898; x_wconf 91' lang='lat'>—</span> <span class='ocrx_word' id='word_1_114' title='bbox 663 1855 951 1911; x_wconf 76' lang='grc' dir='ltr'><em>ἆλίσκεται’.</em></span> 
     </span>
    </p>
   </div>
   <div class='ocr_carea' id='block_1_12' title="bbox 502 2057 1919 2806">
    <p class='ocr_par' dir='ltr' id='par_1_12' title="bbox 502 2057 1616 2135">
     <span class='ocr_line' id='line_1_22' title="bbox 502 2057 1616 2135; baseline 0.003 -19"><span class='ocrx_word' id='word_1_115' title='bbox 502 2057 610 2133; x_wconf 79' lang='grc' dir='ltr'><em>ἤδη</em></span> <span class='ocrx_word' id='word_1_116' title='bbox 642 2062 703 2117; x_wconf 77' lang='grc' dir='ltr'><em>δὲ</em></span> <span class='ocrx_word' id='word_1_117' title='bbox 733 2067 951 2118; x_wconf 78' lang='grc' dir='ltr'><em>πολλῶν</em></span> <span class='ocrx_word' id='word_1_118' title='bbox 981 2058 1192 2135; x_wconf 81' lang='grc' dir='ltr'><em>ᾑρέθην</em></span> <span class='ocrx_word' id='word_1_119' title='bbox 1223 2062 1401 2134; x_wconf 87' lang='grc' dir='ltr'><em>λόγων</em></span> <span class='ocrx_word' id='word_1_120' title='bbox 1430 2063 1616 2135; x_wconf 73' lang='grc' dir='ltr'><em>κριτὴς</em></span> 
     </span>
    </p>

    <p class='ocr_par' dir='ltr' id='par_1_13' title="bbox 504 2141 1648 2302">
     <span class='ocr_line' id='line_1_23' title="bbox 504 2141 1648 2219; baseline 0.003 -19"><span class='ocrx_word' id='word_1_121' title='bbox 504 2147 593 2200; x_wconf 85' lang='grc' dir='ltr'><em>καὶ</em></span> <span class='ocrx_word' id='word_1_122' title='bbox 627 2143 781 2201; x_wconf 79' lang='grc' dir='ltr'><em>πόλλ’</em></span> <span class='ocrx_word' id='word_1_123' title='bbox 819 2141 1189 2218; x_wconf 72' lang='grc' dir='ltr'><em>ἁμιλληθέντα</em></span> <span class='ocrx_word' id='word_1_124' title='bbox 1219 2148 1510 2219; x_wconf 85' lang='grc' dir='ltr'><em>μαρτύρων</em></span> <span class='ocrx_word' id='word_1_125' title='bbox 1540 2146 1648 2204; x_wconf 77' lang='grc' dir='ltr'><em>ὕπο</em></span> 
     </span>
     <span class='ocr_line' id='line_1_24' title="bbox 504 2225 1597 2302; baseline 0.002 -18"><span class='ocrx_word' id='word_1_126' title='bbox 504 2225 748 2285; x_wconf 71' lang='grc' dir='ltr'><em>τάναντί’</em></span> <span class='ocrx_word' id='word_1_127' title='bbox 788 2235 964 2300; x_wconf 79' lang='grc' dir='ltr'><em>ἔγνων</em></span> <span class='ocrx_word' id='word_1_128' title='bbox 994 2234 1277 2301; x_wconf 80' lang='grc' dir='ltr'><em>συμφορᾶς</em></span> <span class='ocrx_word' id='word_1_129' title='bbox 1307 2234 1429 2302; x_wconf 85' lang='grc' dir='ltr'><em>μιᾶς</em></span> <span class='ocrx_word' id='word_1_130' title='bbox 1459 2236 1597 2301; x_wconf 76' lang='grc' dir='ltr'><em>πέρι.</em></span> 
     </span>
    </p>

    <p class='ocr_par' dir='ltr' id='par_1_14' title="bbox 504 2310 1919 2637">
     <span class='ocr_line' id='line_1_25' title="bbox 505 2310 1726 2387; baseline 0.002 -20"><span class='ocrx_word' id='word_1_131' title='bbox 505 2310 654 2382; x_wconf 77' lang='grc' dir='ltr'><em>κᾶγῶ</em></span> <span class='ocrx_word' id='word_1_132' title='bbox 684 2313 785 2385; x_wconf 74' lang='grc' dir='ltr'><em>μὲν</em></span> <span class='ocrx_word' id='word_1_133' title='bbox 815 2310 985 2379; x_wconf 78' lang='grc' dir='ltr'><em>οὕτως</em></span> <span class='ocrx_word' id='word_1_134' title='bbox 1016 2312 1209 2387; x_wconf 82' lang='grc' dir='ltr'><em>χῶστις</em></span> <span class='ocrx_word' id='word_1_135' title='bbox 1243 2312 1352 2369; x_wconf 83' lang='grc' dir='ltr'><em>ἔστ’</em></span> <span class='ocrx_word' id='word_1_136' title='bbox 1387 2313 1524 2386; x_wconf 80' lang='grc' dir='ltr'><em>ἀνὴρ</em></span> <span class='ocrx_word' id='word_1_137' title='bbox 1558 2313 1726 2386; x_wconf 79' lang='grc' dir='ltr'><em>σοφὸς</em></span> 
     </span>
     <span class='ocr_line' id='line_1_26' title="bbox 505 2394 1919 2470; baseline 0.003 -19"><span class='ocrx_word' id='word_1_138' title='bbox 505 2403 779 2468; x_wconf 81' lang='grc' dir='ltr'><em>λογίζομαι</em></span> <span class='ocrx_word' id='word_1_139' title='bbox 808 2394 1060 2469; x_wconf 71' lang='grc' dir='ltr'><em>τάληθές,</em></span> <span class='ocrx_word' id='word_1_140' title='bbox 1094 2404 1169 2464; x_wconf 82' lang='grc' dir='ltr'><em>εἰς</em></span> <span class='ocrx_word' id='word_1_141' title='bbox 1199 2395 1397 2467; x_wconf 74' lang='grc' dir='ltr'><em>ἀνδρὸς</em></span> <span class='ocrx_word' id='word_1_142' title='bbox 1428 2399 1599 2470; x_wconf 82' lang='grc' dir='ltr'><em>φύσιν</em></span> <span class='ocrx_word' id='word_1_143' title='bbox 1891 2412 1919 2455; x_wconf 86' lang='grc'><strong>5</strong></span> 
     </span>
     <span class='ocr_line' id='line_1_27' title="bbox 504 2478 1804 2556; baseline 0.002 -22"><span class='ocrx_word' id='word_1_144' title='bbox 504 2484 726 2535; x_wconf 77' lang='grc' dir='ltr'><em>σκοπῶν</em></span> <span class='ocrx_word' id='word_1_145' title='bbox 758 2481 972 2537; x_wconf 82' lang='grc' dir='ltr'><em>δίαιτάν</em></span> <span class='ocrx_word' id='word_1_146' title='bbox 1001 2479 1065 2538; x_wconf 82' lang='grc' dir='ltr'><em>θ’</em></span> <span class='ocrx_word' id='word_1_147' title='bbox 1098 2479 1275 2553; x_wconf 79' lang='grc' dir='ltr'><em>ἥντιν’</em></span> <span class='ocrx_word' id='word_1_148' title='bbox 1309 2478 1629 2556; x_wconf 80' lang='grc' dir='ltr'><em>ἡμερεύεται</em></span> <span class='ocrx_word' id='word_1_149' title='bbox 1675 2529 1685 2538; x_wconf 96' lang='grc'><strong>.</strong></span> <span class='ocrx_word' id='word_1_150' title='bbox 1735 2528 1746 2537; x_wconf 90' lang='grc'><strong>.</strong></span> <span class='ocrx_word' id='word_1_151' title='bbox 1793 2529 1804 2537; x_wconf 89' lang='grc'><strong>.</strong></span> 
     </span>
     <span class='ocr_line' id='line_1_28' title="bbox 504 2560 1600 2637; baseline 0.004 -19"><span class='ocrx_word' id='word_1_152' title='bbox 504 2561 648 2627; x_wconf 82' lang='grc' dir='ltr'><em>ὅστις</em></span> <span class='ocrx_word' id='word_1_153' title='bbox 681 2561 732 2619; x_wconf 82' lang='grc' dir='ltr'><em>δ’</em></span> <span class='ocrx_word' id='word_1_154' title='bbox 766 2560 972 2636; x_wconf 79' lang='grc' dir='ltr'><em>ὁμιλῶν</em></span> <span class='ocrx_word' id='word_1_155' title='bbox 1001 2563 1188 2637; x_wconf 80' lang='grc' dir='ltr'><em>ἥδεται</em></span> <span class='ocrx_word' id='word_1_156' title='bbox 1219 2581 1402 2631; x_wconf 83' lang='grc' dir='ltr'><em>κακοῖς</em></span> <span class='ocrx_word' id='word_1_157' title='bbox 1433 2563 1600 2637; x_wconf 75' lang='grc' dir='ltr'><em>ἀνήρ,</em></span> 
     </span>
    </p>

    <p class='ocr_par' dir='ltr' id='par_1_15' title="bbox 503 2644 1588 2748">
     <span class='ocr_line' id='line_1_29' title="bbox 503 2644 1588 2748; baseline 0.003 -46"><span class='ocrx_word' id='word_1_158' title='bbox 503 2644 570 2702; x_wconf 83' lang='grc' dir='ltr'><em>οὐ</em></span> <span class='ocrx_word' id='word_1_159' title='bbox 601 2645 812 2704; x_wconf 86' lang='grc' dir='ltr'><em>πώποτ’</em></span> <span class='ocrx_word' id='word_1_160' title='bbox 847 2646 1118 2748; x_wconf 78' lang='grc' dir='ltr'><em>ἠρώτησα,</em></span> <span class='ocrx_word' id='word_1_161' title='bbox 1150 2649 1474 2722; x_wconf 73' lang='grc' dir='ltr'><em>γιγνώσκων</em></span> <span class='ocrx_word' id='word_1_162' title='bbox 1505 2646 1588 2705; x_wconf 77' lang='grc' dir='ltr'><em>ὅτι</em></span> 
     </span>
    </p>

    <p class='ocr_par' dir='ltr' id='par_1_16' title="bbox 504 2729 1625 2806">
     <span class='ocr_line' id='line_1_30' title="bbox 504 2729 1625 2806; baseline 0.002 -20"><span class='ocrx_word' id='word_1_163' title='bbox 504 2730 744 2797; x_wconf 87' lang='grc' dir='ltr'><em>τοιοῦτός</em></span> <span class='ocrx_word' id='word_1_164' title='bbox 776 2729 897 2788; x_wconf 83' lang='grc' dir='ltr'><em>ἐσθ’</em></span> <span class='ocrx_word' id='word_1_165' title='bbox 931 2738 1175 2806; x_wconf 80' lang='grc' dir='ltr'><em>οἵοισπερ</em></span> <span class='ocrx_word' id='word_1_166' title='bbox 1213 2733 1402 2806; x_wconf 80' lang='grc' dir='ltr'><em>ἥδεται</em></span> <span class='ocrx_word' id='word_1_167' title='bbox 1431 2734 1625 2800; x_wconf 81' lang='grc' dir='ltr'><em>ξυνών.</em></span> 
     </span>
    </p>
   </div>
   <div class='ocr_carea' id='block_1_13' title="bbox 339 2818 1920 2963">
    <p class='ocr_par' dir='ltr' id='par_1_17' title="bbox 339 2818 1920 2963">
     <span class='ocr_line' id='line_1_31' title="bbox 442 2818 1920 2889; baseline 0.001 -17"><span class='ocrx_word' id='word_1_168' title='bbox 442 2829 682 2873; x_wconf 86' lang='lat' dir='ltr'>Aeschines</span> <span class='ocrx_word' id='word_1_169' title='bbox 725 2844 765 2875; x_wconf 87' lang='lat' dir='ltr'><em>c.</em></span> <span class='ocrx_word' id='word_1_170' title='bbox 809 2829 1024 2875; x_wconf 78' lang='lat' dir='ltr'>Timarch.</span> <span class='ocrx_word' id='word_1_171' title='bbox 1071 2831 1099 2889; x_wconf 65' lang='lat' dir='ltr'>S</span> <span class='ocrx_word' id='word_1_172' title='bbox 1143 2831 1264 2877; x_wconf 79' lang='lat'>152:</span> <span class='ocrx_word' id='word_1_173' title='bbox 1308 2824 1457 2876; x_wconf 80' lang='grc' dir='ltr'><em>πάλιν</em></span> <span class='ocrx_word' id='word_1_174' title='bbox 1499 2827 1666 2875; x_wconf 86' lang='grc' dir='ltr'><em>τοίνυν</em></span> <span class='ocrx_word' id='word_1_175' title='bbox 1706 2818 1732 2874; x_wconf 83' lang='grc' dir='ltr'>ὁ</span> <span class='ocrx_word' id='word_1_176' title='bbox 1775 2819 1920 2885; x_wconf 78' lang='grc' dir='ltr'><em>αὐτὸς</em></span> 
     </span>
     <span class='ocr_line' id='line_1_32' title="bbox 339 2890 1916 2963; baseline 0.003 -21"><span class='ocrx_word' id='word_1_177' title='bbox 339 2895 480 2956; x_wconf 81' lang='lat' dir='ltr'><strong>(Eur.)</strong></span> <span class='ocrx_word' id='word_1_178' title='bbox 507 2892 557 2942; x_wconf 84' lang='grc' dir='ltr'><em>ἐν</em></span> <span class='ocrx_word' id='word_1_179' title='bbox 579 2913 644 2944; x_wconf 90' lang='grc' dir='ltr'><em>τω</em></span> <span class='ocrx_word' id='word_1_180' title='bbox 666 2895 864 2944; x_wconf 86' lang='grc' dir='ltr'><em>Φοίνικι</em></span> <span class='ocrx_word' id='word_1_181' title='bbox 887 2890 1228 2960; x_wconf 82' lang='grc' dir='ltr'><em>αποφαίνεται,</em></span> <span class='ocrx_word' id='word_1_182' title='bbox 1248 2891 1370 2963; x_wconf 79' lang='grc' dir='ltr'><em>ὑπὲρ</em></span> <span class='ocrx_word' id='word_1_183' title='bbox 1391 2899 1475 2960; x_wconf 82' lang='grc' dir='ltr'><em>τῆς</em></span> <span class='ocrx_word' id='word_1_184' title='bbox 1492 2895 1810 2962; x_wconf 85' lang='grc' dir='ltr'><em>γεγενημένης</em></span> <span class='ocrx_word' id='word_1_185' title='bbox 1830 2892 1916 2946; x_wconf 83' lang='grc' dir='ltr'><em>αὖ-</em></span> 
     </span>
    </p>
   </div>
  </div>
 </body>
</html>
