2077 3139
804 115 1107 158 ΑΛΚΜΕῼΝ
1691 112 1756 165 15

163 273 282 322 μετα
309 250 552 332 Αἰσχύλον
560 252 888 334 ἐβασίλευσεν
924 246 1087 301 αυτῶν
1103 249 1411 338 Ἀκμαίων”
1382 271 1464 316 ετη
1492 248 1607 302 δυο·
1644 249 1755 313 περὶ

165 323 224 373 οὐ
248 317 523 387 Εὐριπίδης
551 315 576 370 6
601 338 880 384 σοφωτατος
909 323 1076 407 δρᾶιια
1094 319 1298 382 ἐξέθετο.

269 399 395 443 Prior
430 396 603 455 sabula,
647 385 963 454 Ἀλκμέωνο
952 385 1081 439 ‘dccc
1122 394 1385 455 Ψωφῖδος,
1430 409 1588 441 scenae
1637 408 1755 440 corr-x

165 469 300 512 missa
327 474 396 512 est
422 467 589 525 olymp.
611 465 695 523 85,
723 465 770 510 2.
797 468 982 524 Argum.
1009 465 1173 511 Alcest.
1189 482 1198 510 :
1228 459 1513 524 ἐδιδαχθη’
1492 460 1567 508 επὶ
1597 463 1754 506 Γλαι-

164 533 305 580 κιίου
336 526 570 594 ἄρχοντος
595 524 646 578 τὸ
671 535 695 577 λ
723 526 1232 611 (πε’ὀλ.1]ἰηιῐοιίίυε).
1288 533 1473 595 πρῶτος
1500 526 1562 591 ἡν
1591 533 1754 590 Σοφο-

164 605 308 664 κλῆς,
350 597 569 662 δεύτερος
604 592 881 661 Ευριπίδης
922 596 1166 664 Κρήσσαις
1145 636 1193 663 ,,
1233 576 1525 662 Ἀλκμαίωνι
1571 600 1638 664 τῷ
1677 593 1757 645 δια

171 670 427 731 Ψωφῖδος,
459 669 681 736 Τηλέφῳ,
707 665 999 730 Ἀλκήστιδι.
1049 674 1102 717 (le
1128 674 1280 733 mytho
1319 674 1376 719 cf.
1404 673 1547 732 Hygia
1574 672 1662 716 sub.
1691 671 1754 716 73

165 751 211 788 et
235 744 441 802 Apollod.
470 744 528 800 3,
556 744 613 801 7,
640 743 687 788 5.
744 743 954 788 'Patianus
983 742 1521 788 01a1.q‹1Gr.1ecc.24
1560 757 1601 800 p.
1634 741 1755 787 100:

164 810 212 856 τί
240 826 322 871 μοι
357 805 681 886 συμβαλλεται
716 805 836 873 πρὸς
873 805 1109 869 ὠφέλειαν
1144 799 1168 855 6
1207 826 1326 855 κατα
1364 801 1449 856 τὸν
1475 801 1758 866 Ευριπίδην

164 873 452 941 μαινόμενος
491 877 574 925 καὶ
619 872 709 938 τήν
743 872 1075 941 Αλκμαίωνος
1118 878 1475 940 μητροκτονίαν
1517 870 1757 940 απαγγέλ-

166 951 286 1011 λων;
332 967 369 1014 ῳ
413 945 534 1010 μηδὲ
568 940 620 994 τὸ
657 946 837 996 οἰκεῖον
873 942 1100 1009 πρόσεστι
1137 949 1323 1034 σχῆμα,
1364 946 1532 1009 22¹7qu
1561 945 1612 993 δὲ
1638 944 1758 1008 μέγα

164 1016 246 1064 καὶ
293 1018 430 1078 ξίφος
478 1015 725 1079 περιφέρει
759 1015 843 1065 καὶ
887 1010 1136 1081 κεκραγώς
1181 1018 1452 1081 πίμπραται
1497 1014 1580 1063 καὶ
1617 1032 1758 1078 φορει

164 1081 342 1147 στολὴν
367 1081 721 1148 απάνθρωπον.

266 1149 544 1218 ’.Αλκμέωνα
581 1151 664 1203 τὸν
703 1149 781 1204 δια
808 1156 1062 1218 Κορίνθου
1100 1167 1273 1220 spectat
1309 1159 1521 1205 Scholion
1548 1160 1624 1203 Ar.
1651 1158 1758 1203 Ran.

168 1230 260 1276 67;
301 1226 356 1273 αἵ
388 1225 694 1273 διδασκαλίαι
730 1225 943 1287 φέρουσι,
970 1222 1339 1309 τελευτήσαντος
1359 1222 1651 1296 Εὐριπίδου
1676 1241 1759 1269 τον

166 1290 275 1343 υἱὸν
308 1289 459 1344 αὐτοῦ
468 1294 789 1375 δεδιδαχέιαι
824 1288 1082 1359 ὁμώνυμον
1111 1294 1159 1342 ἐν
1193 1289 1328 1342 ἄστει
1359 1286 1645 1358 [φιγένειαν
1670 1289 1760 1352 τὴν

168 1363 220 1412 ἐν
250 1359 449 1427 Αὐλίδι,
468 1357 803 1427 Ἀλκμαί,ωνα
831 1362 1042 1427 Βάκχας.
1093 1369 1145 1412 ele
1173 1375 1438 1426 argumento
1465 1369 1522 1414 cs.
1550 1365 1759 1444 Apolloni.

167 1438 216 1496 3,
255 1438 310 1497 7,
348 1439 401 1483 7:
425 1428 723 1498 Εὐριπίδης·
760 1433 811 1482 δὲ
857 1433 1009 1495 φησὶν
1039 1427 1349 1496 Ἀλκιιαίωια
1393 1453 1518 1482 κατα
1553 1429 1637 1480 τὸν
1673 1432 1759 1509 τῆς

166 1504 340 1565 μανίας
366 1500 543 1568 χρόνον
569 1502 620 1552 ἐκ
649 1506 888 1562 Μαντοῦς
900 1504 948 1567 *)
982 1506 1230 1563 Τειρεσίου
1266 1502 1444 1560 παῖδας
1472 1498 1559 1550 δύο
1583 1520 1758 1567 γεννη-

168 1587 266 1634 σαι,
286 1566 579 1636 Ἀμφίλοχον
605 1573 686 1621 καὶ
718 1572 963 1637 θυγατέρα
996 1569 1284 1634 Τισιφόνην,
1323 1575 1589 1635 κομίσαντα
1616 1569 1667 1619 δὲ
1693 1571 1759 1626 εἰς

167 1640 420 1703 Κόρινθον
463 1639 519 1691 τὰ
562 1642 721 1707 βρέφη
774 1643 944 1690 δοῦναι
996 1643 1190 1703 τρέφειν
1234 1643 1522 1702 Κορινθίων
1553 1642 1766 1719 βασιλεῖ

173 1711 399 1792 Κρέοντι,
443 1713 523 1761 καὶ
560 1709 650 1776 τὴν
685 1712 774 1775 μὲν
814 1709 1084 1774 Τισιφόνην
1129 1711 1472 1774 διενεγκοῦσαν
1515 1704 1758 1788 ευμορφιά

168 1775 266 1831 υπὸ
292 1784 377 1845 τῆς
404 1783 643 1861 Κρέοντος
668 1802 759 1862 γυι
763 1778 902 1840 αικδς
937 1777 1370 1862 ἀπεμποληθῆναι,
1399 1780 1672 1838 δεδοικυίας
1691 1772 1757 1841 μὴ

168 1852 338 1909 Κρέων
364 1847 522 1913 αυτήν
546 1846 762 1936 γαμετὴν
787 1850 1065 1913 ποιήσηται.
1111 1846 1195 1898 τὸν
1224 1848 1274 1899 δὲ
1296 1843 1617 1913 Ἀλκμαίωνα,
1644 1868 1757 1913 ayo·

169 1936 381 1983 ρασαντα
406 1920 586 1985 ταύτην
613 1922 739 1984 ἔχειν
767 1939 857 1969 ουκ
883 1918 1041 1970 ειδότα
1067 1939 1157 1982 την
1185 1918 1360 1968 ἑαυτοῦ
1395 1920 1645 2006 θυγατέρα
1672 1925 1758 1966 θε-

170 2010 442 2069 ραπαιναν,
480 1987 877 2079 παραγειόμενον
924 1991 974 2040 δε
1014 1991 1078 2048 εἰς
1115 1986 1370 2052 Κόρινθον
1405 1989 1481 2038 ἐπὶ
1524 2008 1617 2050 την
1661 1990 1759 2036 τῶν

168 2061 351 2110 τέκνων
376 2053 636 2124 απαίτησιν
663 2060 745 2109 καὶ
771 2055 856 2109 τὸν
883 2055 991 2109 υιὸν
1017 2064 1333 2122 κομίσασθαι.
1368 2058 1450 2107 καὶ
1470 2052 1761 2122 Ἀμφίλοχος

170 2149 292 2179 κατα
316 2125 559 2193 χρησμούς
580 2126 883 2188 ’Λπόλλωνος
901 2123 1251 2192 Ἀμφιλοχικὸν
1265 2124 1439 2192 Ἀργος
1467 2125 1673 2197 (ὅκῃ-σευ.

275 2204 397 2249 Haud
446 2218 586 2264 pauca
636 2205 885 2264 smgmenta
939 2208 1084 2249 utrius
1137 2205 1228 2247 sint
1286 2202 1459 2247 subulae
1509 2205 1758 2255 nescimus3

170 2273 373 2334 plerique
410 2276 525 2319 enim
563 2282 772 2319 auctores
810 2274 1076 2349 simpliciter
1106 2260 1413 2328 Ἀλκμαίωια
1454 2272 1672 2327 afferunt,
1717 2278 1761 2314 οι

171 2343 362 2388 fortasse
389 2343 461 2387 ilia
496 2333 521 2386 6
549 2332 629 2387 δια
661 2339 898 2402 Ψωφῖδος
936 2350 981 2388 et
1017 2332 1041 2386 6
1070 2333 1150 2385 διὰ
1176 2337 1433 2401 Κορίνθου
1459 2339 1761 2401 grammaticis

170 2412 406 2471 debentur,
431 2426 522 2457 non
549 2419 723 2472 poetae.

930 2533 998 2585 66

338 2618 455 2691 ἥκω
488 2617 541 2676 δ’
574 2618 768 2691 ἀτενὴς
809 2617 905 2676 ἀπ’
939 2631 1108 2678 οἴκων

284 2809 328 2861 *)
361 2811 432 2852 Cf.
466 2811 673 2851 Clemens
704 2812 831 2852 A.lex
863 2812 1025 2852 Strom.
1060 2813 1081 2852 I
1113 2825 1153 2873 p.
1189 2813 1292 2852 399:
1337 2809 1580 2862 Τειρεσίας
1620 2823 1667 2850 τε
1702 2824 1760 2850 av

175 2863 254 2905 καὶ
285 2859 466 2906 Μαντὼ
497 2860 548 2907 ἕν
580 2861 778 2919 Θήβαις,
813 2860 872 2915 ὦς
897 2866 1044 2920 φησὶν
1068 2862 1350 2919 Εὐριπίδης.
