2077 3139
674 123 1214 165 ΒΕΑΛΕΡΟΦΟΝΤΗΣ
1673 119 1740 172 75

894 260 995 312 305

318 348 573 410 οὐδέποτ’
609 346 867 422 εὐτυχίαν
899 353 1067 404 κακοῦ
1102 347 1302 420 ἀνδρὸς
1332 345 1653 420 -ὖπέρφρονοῖ
1684 344 1735 403 τ’

1407 433 1574 503 ὄλβον

321 522 546 589 βέβαιον
578 515 789 573 εἰκάσαι
820 514 1017 588 χρεών,

321 601 440 659 οὐδ’
478 599 686 657 ἀδίκων
718 599 937 671 γενεάν·
971 599 998 655 ὁ
1032 599 1134 671 γὰρ
1167 596 1393 663 οὐδενὸς
1428 599 1597 670 ἐκφύς

320 684 510 758 χρόνος
543 690 786 749 δικαίους
821 682 1037 755 ἐπάγων
1068 681 1303 748 κανόνας

322 775 603 825 δείκνυσιν
633 765 948 838 ἀνθρώπων
980 765 1275 838 κακότητας
1307 770 1437 838 ἐμοί.
1630 784 1656 824 5

259 866 382 913 Stob.
411 866 530 911 Flor.
561 865 609 923 2,
641 864 701 910 15
731 873 775 910 et
801 865 1072 924 Theophilus
1099 866 1152 909 ad
1178 864 1328 909 Autol.
1359 863 1406 922 2,
1435 863 1496 909 37
1526 879 1567 923 p.
1593 864 1704 912 180.

324 1107 430 1160 ποῦ
463 1103 529 1174 δὴ
561 1102 622 1158 τὸ
655 1102 823 1173 σαφὲς
854 1111 1109 1158 θνατοῖσι
1141 1105 1350 1171 βιοτᾶς;

321 1197 509 1244 θοαῐσι
550 1187 650 1258 μὲν
691 1187 855 1242 ναυσὶ
896 1184 1067 1257 πόρον
1118 1188 1282 1242 πνοαὶ
1323 1183 1458 1241 κατὰ
1503 1187 1740 1256 βένθους

1408 1267 1555 1325 ἅλιαι

323 1354 606 1410 ι’θύνουσι·
638 1351 804 1424 τύχας
838 1352 898 1408 δὲ
927 1357 1151 1422 θνητῶν

319 1438 377 1494 τὸ
409 1438 509 1508 μὲν
539 1433 661 1509 μέγ’
697 1435 772 1501 εἰς
803 1434 969 1492 οὐδὲν
998 1435 1025 1492 ὁ
1057 1434 1229 1501 πολύς
1260 1437 1451 1510 χρόνος

320 1527 629 1593 μεθίστησι,
663 1520 722 1575 τὸ
757 1520 815 1575 δὲ
845 1533 1002 1592 μεῖον
1034 1518 1214 1586 αὔξων
1550 1539 1576 1579 5

260 1619 382 1664 Stob.
420 1618 536 1663 Flor.
578 1617 701 1676 105,
740 1617 819 1662 12.
890 1632 951 1662 vs.
981 1616 1010 1661 2
1045 1612 1158 1679 μὲν]
1195 1612 1283 1677 μὲν
1318 1613 1399 1662 καὶ
1435 1618 1488 1663 Μ.
1553 1625 1742 1664 metrum

154 1689 242 1736 loci
267 1689 454 1734 laborat.

321 1871 410 1925 καὶ
442 1871 631 1936 ξεστὸν
659 1869 830 1940 ὄχθον
860 1874 1161 1925 Δαναϊδῶν
1194 1868 1549 1941 ἑδρασμάτων

320 1973 449 2018 στας
481 1956 539 2009 ἐν
568 1955 815 2024 μέσοι-σιν
848 1953 964 2010 εἷπε
996 1952 1254 2025 κηρύκων
1287 2000 1295 2009 .
1334 2001 1342 2009 .

259 2051 404 2096 Schol.
433 2050 535 2095 Eur.
563 2049 635 2095 Or.
664 2050 787 2097 872:
829 2045 1136 2096 δεικνύουσιν
1173 2046 1241 2095 ἔτι
1278 2046 1360 2095 καὶ
1386 2051 1479 2095 νῦν
1514 2040 1743 2109 ὑπεράνω

154 2119 238 2164 τοῦ
265 2116 567 2178 καλουμένου
593 2109 781 2179 πρωνὸς
807 2118 944 2196 χῶμα
969 2121 1229 2178 παντελῶς,
1265 2112 1324 2165 οὑ
1351 2118 1605 2180 συμβαίνει
1629 2111 1742 2176 τούς

147 2181 394 2251 Ἀργείους
422 2185 649 2244 δικαζειν.
677 2206 799 2250 ταχα
827 2182 869 2233 δ’
899 2179 962 2234 ἂν
988 2184 1160 2235 τούτου
1188 2185 1269 2235 καὶ
1298 2185 1349 2235 ἕν
1376 2183 1742 2254 Βελλεροφόντῃ

152 2253 453 2320 μνημονεύοι
491 2254 643 2305 εἰπών
680 2255 792 2304 εκαὶ
829 2251 994 2316 ξεστὸν
1021 2286 1083 2293 -
1113 2254 1394 2321 κηρύκων’,
1445 2276 1505 2306 vs.
1535 2261 1562 2306 2
1592 2255 1741 2322 κηρύ-

152 2346 253 2376 κων
278 2325 376 2375 ὕπο
403 2330 612 2376 Cobetus.

896 2423 997 2474 308

319 2509 400 2582 αγ’
409 2556 422 2582 ‚
458 2504 499 2567 ὦ
530 2517 695 2582 φίλον
724 2535 814 2582 μοι
845 2510 1113 2583 Πηγάσου
1147 2510 1390 2584 πτερόν

257 2610 330 2653 Ar.
360 2609 459 2654 Pac.
500 2609 586 2655 76:
624 2606 660 2654 ὠ
685 2601 953 2683 Πηγάσιόν
988 2623 1069 2667 μοι
1105 2607 1248 2670 φησί,
1283 2611 1511 2669 γενναῖον
1545 2603 1737 2667 πτερόν.

154 2678 228 2723 uhi
257 2677 457 2724 Scholia:
485 2693 616 2735 παρα
641 2694 699 2723 τα
726 2672 777 2721 ἐκ
805 2671 1200 2738 Βελλεροφόντου
1228 2671 1517 2736 Εὐριπίδου.
1557 2675 1739 2734 ἐκεῖνος

153 2761 244 2808 γαρ
271 2739 351 2791 διὰ
378 2740 615 2807 Πηγασου
640 2745 726 2793 τοῦ
752 2747 996 2807 πτερωτοῦ
1032 2743 1269 2808 ἐπεθύμει
1305 2746 1373 2804 εἰς
1409 2742 1493 2794 τὸν
1529 2740 1741 2807 οὐρανὸν

153 2809 400 2861 ἆιελθεῐν.
440 2808 548 2875 ‘ay'
565 2811 893 2895 -πτερόν’.
938 2819 993 2863 ef.
1021 2819 1140 2864 Suid.
1170 2834 1205 2862 v.
1235 2811 1453 2879 ε’ώρημαε
1481 2814 1561 2863 καὶ
1588 2814 1741 2901 φησὶν

156 2877 481 2948 Ευριπίδης
497 2877 576 2949 ἄγ’
606 2912 677 2920 -
701 2881 940 2950 Πηγάσου
967 2903 1086 2948 ταχυ
1120 2881 1327 2949 πτερόν’
1395 2890 1467 2934 ubi
1495 2885 1612 2949 ταχὺ
1639 2903 1739 2935 ver-
