2077 3139
342 128 445 182 208
1019 128 1272 172 ΦΑΕΘΩΝ

1092 268 1195 319 774

513 353 582 422 ῶς
613 361 893 430 πανταχοῦ
924 380 985 429 γε
1015 358 1209 428 πατρὶς
1242 355 1274 428 ἡ
1309 355 1585 428 βόσκουσα
1618 356 1700 428 γῆ.

448 455 573 500 Stob.
611 455 728 501 Flor.
769 454 862 513 40,
900 454 947 501 2.
1004 455 1189 500 eundem
1229 469 1403 500 versum
1440 453 1573 499 hahet
1607 454 1728 498 Flor.
1764 452 1934 501 Monac.

349 524 444 571 146
472 540 514 584 p.
545 524 662 583 278,
693 525 739 571 7.

1094 616 1195 669 775

510 706 781 779 μνησθεὶς
822 703 850 760 ὅ
881 711 975 776 μοι’
1003 702 1124 760 ποτ’
1160 701 1273 776 εἶφ’
1308 701 1387 760 ὅτ’
1427 701 1674 774 εὐνάσθη
1703 701 1849 769 θεός.

513 793 671 846 αἰτοῦ
700 795 755 845 τί
783 787 991 861 χρῄζεις
1024 791 1107 845 ἒν·
1143 790 1280 858 πέρα
1311 787 1412 859 γὰρ
1444 786 1510 843 οὐ
1540 791 1698 859 θέμις

514 880 707 944 λαβεῖν
739 889 823 928 σε
859 897 961 929 καν
990 897 1091 944 μεν
1121 895 1392 944 τυγχανῃς
1426 896 1451 928 ε
1497 920 1505 928 .
1557 916 1567 927 .
1617 919 1625 928 .

513 960 699 1013 θεοῦ
685 958 960 1026 πέφυκας·
997 963 1048 1013 εἰ
1077 957 1135 1012 δε
1166 955 1258 1028 μή,
1294 953 1502 1026 ψευδὴς
1536 953 1654 1026 ε’γῶ.

345 1051 482 1092 ΦΑΕ·
514 1045 626 1106 πῶς
658 1042 762 1096 οὐν
793 1039 1047 1112 πρόσειμι
1081 1045 1235 1111 δῶμα
1265 1039 1474 1111 θερμὸν
1497 1037 1713 1108 Ηλιόυ;
1912 1055 1937 1095 5

347 1133 490 1174 KAT
516 1131 681 1199 κείνῳ
713 1124 929 1195 μελήσει
965 1128 1118 1196 σῶμα
1150 1123 1222 1196 μὴ
1254 1123 1515 1194 βλαπτειν
1545 1120 1603 1179 τὸ
1637 1123 1746 1181 σόν.

347 1219 483 1259 ΦΑΕ-
517 1210 634 1265 ἐπεὶ
665 1208 841 1279 πατὴρ
873 1210 1146 1280 πέφυκεν;
1188 1204 1253 1263 οὗ
1286 1210 1462 1272 κακῶς
1494 1211 1681 1278 λέγεις.

347 1302 492 1342 KAT·
515 1290 648 1364 σάφ’
688 1301 830 1348 ἰῃσθι
879 1291 1069 1349 πεύσει
1103 1290 1152 1348 δ’
1189 1288 1319 1347 αὐτὸ
1351 1295 1424 1346 τῶ
1456 1290 1633 1366 χρόνῳ
1665 1294 1867 1362 σαφῶς.

347 1386 484 1428 (ME.
519 1374 698 1446 ἀρκεῖ·
733 1379 973 1433 πέποιθα
1006 1374 1107 1448 γάρ
1139 1394 1201 1431 σε
1231 1375 1302 1447 μὴ
1334 1379 1513 1445 ψευδῆ
1545 1379 1739 1446 λέγειν.

514 1459 632 1516 ἀλλ’
672 1456 793 1530 ἕρπ’
832 1464 882 1524 ἐς
907 1469 1114 1526 οἴκους·
1143 1462 1232 1515 καὶ
1263 1458 1366 1529 γὰρ
1392 1457 1502 1515 αἵδ’
1535 1463 1635 1526 ἔξω
1670 1458 1854 1531 δόμων
1887 1475 1938 1516 10

518 1546 693 1615 δμωαὶ
725 1546 982 1616 περῶσιν,
1016 1550 1074 1600 αἳ
1103 1543 1304 1613 πατρὸς
1335 1546 1676 1614 κοιμωμένου

516 1635 770 1698 σαίρουσι
804 1632 958 1699 δῶμα
990 1630 1078 1683 καὶ
1113 1627 1296 1698 δόμων
1333 1626 1581 1698 κειμήλια

517 1709 647 1768 καθ’
682 1710 891 1784 ἡμέραν
921 1714 1158 1783 φοιβῶσι
1192 1708 1540 1782 κάπιχωρίοις

517 1793 738 1867 ὀσμαῖσι
768 1799 1046 1868 θυμιῶσιν
1079 1793 1327 1860 εἰσόδους
1362 1793 1557 1866 δόμων.

515 1877 648 1935 ὅταν
683 1875 735 1935 δ’
770 1878 946 1936 ὕπνον
976 1878 1189 1950 γεραιὸς
1223 1878 1459 1935 ἐκλιπών
1491 1877 1667 1950 πατὴρ
1887 1894 1938 1936 15

516 1963 691 2028 πύλας
722 1961 926 2063 αμείψῃ
960 1966 1049 2019 καὶ
1084 1962 1281 2035 λόγους
1312 1961 1505 2035 γάμων
1535 1966 1656 2034 πέρι

517 2050 641 2120 λέξῃ
674 2047 805 2118 πρὸς
836 2051 993 2119 ἡμας,
1019 2047 1207 2104 Ηλιόυ
1236 2045 1420 2119 μολων
1453 2045 1652 2118 δόμους

516 2155 646 2197 τους
678 2152 806 2197 σους
839 2133 1061 2202 ἐλέγξω.
1096 2136 1282 2202 μῆτερ,
1316 2136 1367 2188 εἰ
1393 2144 1588 2203 σαφεῖς
1619 2129 1781 2201 λόγοι.

348 2221 1139 2271 XOP........
1660 2211 1856 2288 στρ.ἀ

620 2345 630 2356 .
724 2345 734 2355 .
1029 2298 1159 2355 κατὰ
1191 2301 1296 2370 γᾶν

622 2430 631 2439 .
703 2405 739 2439 α
826 2429 838 2441 .
929 2430 938 2438 .
1030 2431 1038 2439 .
1130 2428 1139 2438 .
1883 2397 1938 2440 20

516 2552 705 2622 μέλπει
739 2547 789 2604 δ’
826 2554 883 2606 ἐν
917 2552 1167 2623 δένδρεσι
1200 2548 1403 2608 λεπταν

516 2632 703 2704 ἀηδῶν
733 2633 1000 2705 ἁρμονίαν

515 2713 894 2789 ὀρθρευομένα
925 2717 1071 2787 γόοις

501 2798 654 2857 ”Ιτυν
669 2798 819 2858 Ἴτυν
849 2800 1219 2872 πολύθρηνον.

517 2882 778 2957 σύριγγας
814 2881 868 2940 δ’
901 2883 1187 2957 ούριβάται
1606 2881 1718 2944 ἆντ.
1751 2882 1800 2943 α’
1882 2903 1937 2945 25
