2077 3139
303 116 373 172 74
823 119 1372 163 ΒΕΛΛΕΡοΦοΝΤΗΣ

465 260 611 328 ὅστις
645 262 705 318 δὲ
736 270 993 320 πλεῖστον
1023 261 1228 334 μισθὸν
1261 269 1336 328 εἰς
1366 278 1549 336 χεῖρας
1582 264 1770 335 λαβών

466 346 628 412 κακὸς
658 349 897 418 γένηται,
924 350 1063 421 τῷδε
1094 346 1391 419 συγγνώμη
1421 348 1523 419 μὲν
1552 346 1638 417 οὔ,

465 437 638 486 πλείω
671 431 731 487 δὲ
760 430 967 503 μισθὸν
996 437 1238 502 μείζονος
1270 430 1466 503 τόλμης
1500 438 1638 503 ἔχων

462 512 559 570 τὸν
586 519 696 570 τῶν
727 513 1010 586 ψεγόντων
1040 519 1176 589 ῥᾷον
1205 510 1274 570 ἂν
1304 518 1462 588 φέροι
1493 514 1656 586 λόγον

403 610 528 657 Stob.
557 611 676 657 Flor.
713 612 791 664 10,
823 613 899 658 17.

1043 677 1146 729 300

461 763 564 822 οὐκ
594 761 662 821 ἂν
692 767 903 836 γένοιτο
935 764 1148 836 τραύμ’,
1184 764 1278 823 ἐάν
1308 791 1383 832 τις
1418 765 1612 839 ε’γξύσῃ

459 848 694 920 θάμνοις
725 852 936 919 ἑλείοις,
969 847 1094 906 οὐδ’
1128 847 1195 905 ἂν
1222 853 1279 906 ἐκ
1309 851 1508 921 μητρὸς
1539 855 1708 922 κακῆς

462 936 651 990 ἐσθλοὶ
680 935 927 1004 γένοιντο
958 939 1150 999 παῖδες
1184 940 1261 999 εἰς
1293 932 1465 1005 ἀλκὴν
1499 933 1672 1006 δορός.

396 1029 519 1078 Stob.
547 1031 664 1076 Flor.
697 1031 777 1088 90,
809 1032 885 1079 10.
936 1047 1002 1076 vs.
1035 1034 1058 1076 1
1090 1024 1173 1074 εἰὶν
1198 1033 1378 1092 scripsi,
1405 1027 1593 1077 ei'libri.

1039 1137 1137 1189 301

455 1225 589 1298 πρὸς
620 1225 718 1299 τὴν
750 1224 996 1299 ἀνάγκην
1028 1250 1204 1283 παντα
1235 1224 1380 1282 τᾶλλ’
1417 1223 1520 1284 ἔστ’
1553 1225 1784 1302 ἆσθενῇ.

393 1323 516 1370 Stob.
547 1325 632 1370 Ecl.
665 1326 721 1382 1,
749 1325 806 1383 4,
836 1326 863 1369 2
893 1326 917 1370 b
945 1341 987 1385 p.
1020 1325 1130 1371 154.
1185 1313 1320 1370 τᾶλλ’
1361 1313 1455 1369 ἔστ
1487 1316 1706 1389 ασθενή]
1735 1317 1883 1371 τᾶλλα

291 1386 490 1454 δεύτερα
516 1395 560 1442 O.
591 1395 752 1440 Hense.

1034 1459 1138 1511 302

450 1556 624 1620 οἶμοι·
658 1554 712 1604 τί
740 1546 787 1604 δ’
823 1557 996 1621 οἱ’μοι;
1028 1547 1207 1620 θνητά
1237 1572 1318 1604 τοι
1349 1547 1723 1621 πεπόνθαμεν.

387 1645 509 1706 Diog.
537 1646 581 1690 L.
611 1646 669 1705 4,
707 1645 770 1692 26
807 1646 881 1704 (cf.
913 1647 996 1692 Hes
1002 1648 1097 1706 ych.
1135 1648 1272 1692 Miles.
1303 1647 1367 1693 39
1408 1649 1451 1691 ἰη
1489 1646 1664 1693 Mnlleri
1701 1648 1876 1708 Fragm.

283 1715 395 1760 Hist.
423 1716 455 1760 4
481 1730 522 1776 p.
556 1715 694 1774 167):
721 1710 968 1775 ἐθαύμαζε
993 1709 1091 1762 δὲ’
1070 1732 1095 1762 ο
1122 1710 1356 1777 Κράντωρ
1381 1710 1579 1762 πάντων
1607 1707 1667 1775 δὴ
1692 1715 1878 1777 μᾶλλον

282 1777 488 1846 Όμηρον
524 1780 604 1829 καὶ
630 1779 911 1847 Ευριπίὸην
934 1813 1004 1821 -
1030 1782 1112 1831 καὶ
1149 1783 1440 1849 προεφέρετο
1478 1776 1561 1832 τὸν
1595 1787 1756 1846 στίχον
1791 1781 1876 1832 τὸν

282 1850 336 1899 ἐκ
371 1853 459 1900 τοῦ
501 1852 956 1932 Βελλεροφόντου
969 1854 1101 1916 οἴμοι
1135 1883 1206 1890 —-
1241 1851 1605 1916 πεπόνθαμεν’.
1676 1857 1797 1904 Suid.
1835 1873 1872 1903 v.

281 1920 440 1983 οἴμοιε
468 1920 551 1969 καὶ
577 1916 900 1987 Εὖριπίδης’
878 1941 931 1971 εκ
958 1926 1045 1972 τοῦ
1071 1921 1521 1987 Βελλεροφόντου
1537 1941 1670 1986 οιμοι
1694 1953 1765 1960 -
1790 1942 1872 1972 πε-

282 1989 580 2054 πόνθαμεν’.
633 1998 819 2042 eundem
857 2012 1034 2042 versum
1073 1998 1238 2043 habent
1273 1999 1389 2044 Plut.
1419 1998 1526 2042 Mor.
1566 2012 1606 2058 p.
1645 1998 1746 2043 475
1771 1997 1801 2043 C
1827 2006 1873 2044 et

279 2064 492 2126 Synesius
519 2067 659 2126 Epist.
692 2067 789 2113 126
817 2081 860 2127 p.
892 2067 989 2113 261
1013 2068 1056 2112 C.

1024 2160 1126 2212 303

442 2243 572 2322 ὁρᾷς
604 2246 650 2305 δ’
686 2246 934 2304 ἀέλπτων
964 2255 1179 2320 μυρίων
1209 2248 1555 2322 ἄναστροφάς
1576 2266 1586 2275 “

441 2334 631 2388 πολλοὶ
661 2333 762 2403 μὲν
792 2332 957 2404 οἶδμα
991 2336 1257 2405 διέφυγον
1285 2334 1612 2402 θαλάσσιον,

439 2418 631 2471 πολλοὶ
665 2417 723 2472 δὲ
755 2415 978 2488 λόγχαις
1009 2425 1285 2489 πολεμίων
1315 2415 1599 2490 α’μείνονες

437 2495 640 2570 ἥσσους
671 2504 903 2570 γεγῶτες
933 2501 1198 2571 κρείσσον’
1236 2494 1411 2573 ἦλθον
1442 2508 1519 2567 εἰς
1547 2499 1732 2574 τύχην.

373 2594 637 2642 Stob.Flor.
657 2599 771 2656 111,
800 2598 845 2644 9.
883 2613 944 2643 vs.
973 2599 1002 2645 3
1030 2590 1304 2658 ἀμεινόνων
1331 2599 1527 2645 Grotius.

1015 2705 1118 2757 304

433 2789 643 2864 θάρσος
677 2793 738 2848 δὲ
768 2790 902 2865 πρὸς
933 2792 1025 2859 τὰς
1056 2794 1341 2866 συμφορὰς
1370 2795 1508 2866 μέγα
1539 2795 1744 2852 σθένει.

371 2887 496 2934 Stob.
526 2888 644 2934 Flor.
677 2891 723 2949 7,
754 2891 798 2936 1.
