2077 3139
881 128 1110 170 ΑΙοΛοΣ
1757 125 1791 178 9

271 271 395 318 Stob.
431 271 548 317 Flor.
588 270 712 328 114,
748 270 793 317 8.
842 285 906 315 vs.
944 269 973 315 2
1012 268 1140 314 verba
1178 258 1267 314 οὐκ
1303 255 1368 314 ἂν
1403 259 1598 330 ἐκβάλοι
1636 262 1790 330 δάκρυ

201 352 440 387 recurrunt
467 341 630 386 llecub.
661 340 778 385 298.

961 403 1028 454 34

368 501 595 563 γλυκεῖα
628 493 729 563 γάρ
771 514 860 564 μοι
891 492 1117 563 φροντὶς
1149 487 1366 564 οὐδαμῇ
1399 496 1538 561 βίον.

306 590 428 635 Stob.
460 590 574 634 ΠΟΥ.
604 589 686 646 98,
715 588 793 634 32.

962 652 1029 703 35

369 738 451 797 αἐὶ
484 741 542 796 τὸ
574 764 674 812 μεν
706 746 784 812 ζῇ,
816 738 874 796 τὸ
903 740 961 795 δε
992 746 1315 810 μεθίσταται
1347 738 1536 810 κακόν,

366 822 425 880 τὸ
459 823 508 878 6'
546 825 617 879 αὐ
649 827 897 895 πέφηνεν
928 815 1090 888 αὖθις
1124 826 1176 889 ἐξ
1208 820 1374 894 ἀρχῆς
1405 826 1547 880 νε’.ον

306 920 430 966 Stob.
458 921 575 965 Flor.
606 920 722 971 104
754 921 830 967 10.

964 985 1032 1036 36

368 1087 604 1143 γυναῖκα
637 1071 686 1128 6'
723 1069 868 1137 ὅστις
899 1071 1165 1129 παύσεται
1196 1073 1371 1143 λέγων
1402 1076 1598 1144 κακῶς,

372 1155 638 1226 δύστηνος
670 1149 774 1226 ἆρα
806 1154 904 1211 κού
937 1156 1105 1227 σοφὸς
1136 1154 1470 1226 κεκλήσεται.

307 1251 433 1297 Stob.
463 1253 581 1298 Flor.
613 1253 694 1310 73,
726 1252 802 1297 13.

962 1331 1026 1382 37

370 1429 620 1518 μοχθεῖν
633 1415 869 1489 ἀνάγκη
902 1416 996 1483 τὰς
1030 1419 1089 1474 δὲ
1123 1416 1403 1490 δαιμόνων
1434 1416 1599 1490 τύχας

369 1500 514 1566 ὅστις
545 1502 702 1572 φέρει
733 1499 990 1572 κάλλιστ’,
1023 1499 1164 1575 ἀνὴρ
1195 1502 1351 1567 οὗτος
1383 1503 1568 1573 σοφός.

307 1597 733 1656 Stoh.F10r.108‚
774 1598 852 1644 19.
906 1599 1036 1643 verba
1064 1599 1270 1658 μοχθεῖν
1304 1586 1497 1658 ἀνάγκη
1532 1601 1694 1644 iterum
1719 1599 1794 1645 ha-

202 1666 281 1712 bes
310 1669 351 1711 in
379 1667 431 1711 sr.
462 1668 576 1713 719.
964 1733 1031 1784 38

367 1817 397 1874 ὁ
428 1818 620 1891 χρόνος
652 1819 865 1876 ἅπαντα
897 1835 1072 1877 τοῖσιν
1103 1818 1337 1891 ὕστερον
1366 1818 1588 1892 φράσει·

370 1902 532 1968 λάλος
565 1906 713 1959 ἐστὶν
743 1896 919 1973 οὗτος,
952 1902 1053 1960 οὐκ
1087 1907 1362 1974 ἐρωτῶσιν
1394 1907 1552 1975 λέγει.

308 1999 436 2045 Stob.
463 2001 553 2045 Ecl.
579 2001 632 2056 1,
660 2001 717 2058 8,
744 2000 810 2047 20
836 2017 879 2060 p.
909 2001 1025 2046 232.
1076 2016 1140 2047 vs.
1168 2001 1196 2045 2
1237 1995 1379 2055 λάλος
1404 2016 1475 2055 τις
1501 1990 1647 2054 οὗτος
1673 1990 1796 2046 κούκ

203 2062 438 2129 ἐρωτῶσιν
465 2065 588 2129 λέγει
616 2070 886 2129 Conington.

966 2149 1034 2200 39

368 2235 433 2291 τὰ
464 2234 615 2291 πόλλ’
652 2233 864 2308 ἀνάγκη
908 2238 1156 2309 διαφέρει
1188 2235 1515 2309 τολμήματα.

307 2332 434 2377 Stob.
462 2333 579 2378 Flor.
607 2334 692 2391 50,
720 2335 766 2380 6.

963 2413 1032 2464 40

306 2498 435 2573 Ρῐξοῑ.
470 2499 573 2544 Lex.
609 2514 653 2559 p.
694 2500 818 2558 169,
859 2501 886 2546 7
925 2509 969 2545 et
995 2501 1176 2546 Suidas:
1211 2500 1387 2579 κλῆρος
1406 2495 1614 2561 Ἑρμοῦ·
1649 2492 1797 2559 συνή-

199 2567 315 2611 θεια
340 2557 527 2627 άρχαία.
572 2564 774 2625 ἔβαλλον
800 2565 853 2612 οι
872 2569 1165 2629 πληροῦντες
1192 2567 1257 2625 εἰς
1283 2561 1460 2628 ὑδρίαν
1488 2566 1645 2625 ἐλαίας
1671 2563 1794 2629 qod),-

201 2635 287 2679 λον
305 2627 330 2681 ὃ
356 2631 718 2697 προσηγόρευον
741 2628 950 2710 Ἑρμῆν,
979 2635 1061 2683 καὶ
1088 2638 1285 2700 πρῶτον
1311 2633 1512 2704 ἐξῄρουν
1528 2639 1699 2717 τοῦτο,
1726 2655 1795 2683 τι-

198 2701 296 2764 μὴν
331 2705 398 2766 τῷ
425 2707 530 2770 θεῷ
557 2700 735 2766 ταύτην
761 2696 1108 2767 ἀπονέμοντες·
1155 2688 1418 2785 ἐλάγχανεν
1442 2698 1540 2755 δὲ
1519 2724 1543 2753 ο
1569 2699 1686 2768 μετὰ
1711 2699 1798 2754 τὸν

198 2766 338 2819 θεόν.
404 2765 682 2838 Ευριπίδης
732 2771 784 2822 ἐν
832 2777 901 2841 τῷ
950 2771 1115 2824 Αἰόλω
1166 2770 1460 2839 μνημονεύει
1512 2776 1597 2823 τοῦ
1649 2774 1797 2834 ε’θους

199 2857 388 2890 τουτου.
