2077 3139
816 125 1086 170 ΚΡΗΣΣΑῙ
1646 123 1743 176 123

330 354 398 414 οὐ
427 353 529 427 γάρ
561 350 673 410 ποτ’
705 350 882 426 ἄνδρα
912 351 1007 409 τὸν
1038 350 1212 424 σοφὸν
1241 354 1460 424 γυναικὶ
1492 375 1593 423 χρη

333 446 523 496 δοῦναι
555 438 810 510 χαλινούς
841 433 956 493 οὐδ’
990 432 1173 508 ἀφέντ’
1208 439 1303 492 ἐᾶν
1333 450 1578 507 κρατεῖν·

333 521 526 580 πιστὸν
555 522 660 593 γὰρ
691 517 858 577 οὐδέν
889 523 1059 576 ἐστιν·
1094 525 1144 576 εἰ
1173 521 1237 575 δέ
1261 543 1341 584 τις
1371 531 1532 588 κυρεῖ

330 602 588 678 γυναικὸς
620 608 843 675 ἐσθλῆς,
878 600 1094 675 εὐτυχεῖ
1124 601 1293 659 κακὸν
1322 600 1523 673 λαβών.

271 705 394 750 Stob.
422 702 541 747 Flor.
570 701 652 760 74,
680 700 725 746 2.

911 792 1013 845 467

332 896 551 955 γαμεῖτε
581 887 708 953 νῦν,
741 896 979 954 γαμεῑτε,
1012 874 1147 956 κᾷτα
1177 879 1450 952 θνήσκετε

334 963 366 1039 ἢ
397 965 764 1040 φαρμάκοισιν
796 969 853 1022 ἐκ
882 964 1140 1037 γυναικὸς
1171 959 1202 1035 ἢ
1235 963 1429 1031 δόλοις,

272 1065 398 1111 Stob.
426 1065 542 1110 Flor.
575 1063 656 1122 72,
682 1062 730 1109 4.

908 1153 1009 1208 468

324 1242 511 1317 ’Ἅιδης
543 1259 722 1317 κρινεῖ
747 1241 891 1300 ταῦτ’
928 1289 1222 1302 .......

275 1343 502 1419 Aristoph.
529 1343 658 1401 Vesp.
696 1342 819 1389 763:
854 1339 995 1385 τοῦτο
1030 1335 1081 1386 δὲ
1099 1330 1275 1398 Ἀιδης
1313 1335 1560 1400 διακρινεῖ
1583 1333 1751 1397 πρότε·

168 1427 259 1470 ρον
283 1402 317 1471 ἢ
343 1402 436 1473 ἐγὼ
459 1409 698 1470 πείσομαι.
750 1411 826 1456 ubi
853 1411 1028 1457 Schola
1065 1405 1116 1455 ἐν
1141 1405 1394 1505 Κρήσσαις
1429 1400 1749 1467 Εὐριπίδου
1728 1425 1753 1456 ο

158 1473 358 1541 Ἀτρεὺς
392 1475 510 1542 πρὸς
543 1471 633 1540 τὴν
664 1470 951 1541 Ἀερόπην
965 1481 1130 1539 κρινεῖ
1149 1478 1328 1526 ταῦτα’
1333 1473 1553 1539 ,Ἀιδης
1588 1482 1751 1526 adden-

170 1554 272 1599 dum
301 1566 397 1598 esse
424 1551 580 1612 liquet

912 1629 1015 1682 469

339 1717 443 1790 ἐγω
476 1718 633 1792 χάριν
663 1716 768 1790 σὴν
798 1717 970 1774 παῖδα
1000 1739 1103 1776 σου
1133 1720 1475 1787 κατακτενῶ;

277 1816 485 1892 Apollon.
512 1817 565 1861 de
593 1819 707 1861 coni.
736 1831 778 1875 p.
808 1815 935 1874 514,
969 1815 997 1861 9
1026 1817 1080 1861 de
1106 1830 1143 1860 v,
1173 1808 1338 1874 χάριν.
1378 1810 1530 1874 φησὶν
1565 1807 1591 1860 ὁ
1623 1807 1755 1871 Τρύ-

172 1902 283 1948 φων
312 1876 374 1941 ὡς
409 1876 542 1945 παρὰ
568 1873 820 1948 Εὐριπίδῃ
853 1880 936 1929 καὶ
963 1881 1034 1929 ἔτι
1066 1879 1234 1940 α’λλοις
1270 1886 1496 1944 ποιηταῖς
1521 1876 1752 1976 εὀνοματι-

173 1956 264 2016 κῆς
313 1949 577 2014 συντάξεως
626 1951 818 2015 ἔτυχεν·
870 1949 922 1998 ἐν
963 1950 1052 2014 μὲν
1092 1945 1186 2016 γαρ
1231 1948 1534 2014 Κρήσσαιςε
1548 1946 1641 2016 ε’γώ
1690 1981 1748 1988 -

172 2023 480 2072 κατακτενῶ’
508 2019 589 2069 καὶ
612 2019 662 2069 ἐν
682 2016 911 2088 Αύγῃ-.
948 2021 1126 2080 παῖδας
1146 2017 1205 2070 οὐ
1234 2024 1575 2083 ediditBekker,
1601 2015 1756 2071 παῖδα

171 2108 261 2143 σου
285 2097 520 2142 Bastiusin
547 2096 678 2156 Greg.
707 2095 807 2141 Cor.
833 2110 875 2155 p.
902 2095 985 2142 32.

340 2311 396 2361 τί
422 2304 525 2377 γὰρ
556 2314 724 2361 ποθεῖ
748 2303 1008 2376 τράπεζας
1040 2307 1115 2381 τῷ
1145 2302 1192 2361 δ’
1223 2301 1289 2361 οὗ
1320 2310 1601 2375 βρίθεται;

341 2387 549 2460 πλήρης
578 2389 680 2460 μὲν
708 2385 862 2455 ὄψων
892 2395 1151 2460 ποντίων,
1183 2387 1399 2459 πάρεισι
1434 2389 1494 2444 δὲ

339 2471 557 2544 μόσχων
585 2474 820 2543 τέρειναι
851 2471 1046 2544 σάρκες
1075 2470 1268 2544 ἀρνεία
1298 2495 1355 2527 τε
1389 2473 1508 2538 δαὶς

340 2558 430 2611 καὶ
463 2554 639 2612 πεπτὰ
668 2557 757 2611 καὶ
789 2554 1020 2627 κροτητὰ
1050 2558 1143 2626 τῆς
1174 2558 1547 2627 ξουθοπτέρου

341 2638 560 2696 πελάνω
590 2645 846 2711 μελίσσης
877 2637 1140 2710 ἀφθόνως
1172 2640 1490 2711 δεδευμένα.
1661 2653 1688 2694 5

280 2737 381 2784 Ath.
407 2737 499 2782 XIV
522 2752 567 2797 p.
597 2736 699 2783 640
718 2737 768 2780 B:
807 2731 902 2794 ἔφη
926 2751 998 2791 τις
1023 2733 1121 2781 τῶν
1144 2728 1429 2794 παρόντων·
1463 2751 1516 2779 αι
1505 2726 1762 2790 δεύτεραί

173 2821 277 2859 πως
303 2801 554 2864 φροντίδες
576 2799 848 2889 σοφώτεραι
883 2805 1003 2862 (Eur.
1031 2806 1157 2867 Hipp.
1186 2806 1320 2863 436).
1374 2801 1451 2849 ‘n'
1471 2819 1563 2865 γαρ
1589 2830 1657 2836 -
1683 2799 1756 2847 δε-

175 2871 431 2938 δευμένα’,
466 2872 620 2935 φησὶν
652 2869 677 2922 ὁ
715 2867 986 2939 Εὐριπίδης
1023 2870 1073 2920 ἐν
1109 2867 1372 2937 Κρήσσαις.
1425 2890 1485 2920 vs.
1516 2874 1543 2918 2
1581 2889 1648 2934 sq.
1700 2873 1755 2919 cf.
