2077 3139
762 121 1176 164 ΚΡΕΣΦΟΝΤΗΣ
1665 118 1758 172 121

345 270 524 338 φιλῶν
552 263 756 339 μαλιστ’
794 263 1026 337 ἐμαυτὸν
1057 261 1158 321 οὐκ
1191 263 1558 338 αἰσχύνομαι·

283 362 433 409 Schol.
461 364 562 409 Eur.
593 362 702 407 Med.
735 362 824 409 85:
861 360 920 424 τῇ
955 356 1006 406 δὲ
1042 357 1234 406 διανοία
1267 355 1418 424 ταύτῃ
1442 377 1526 406 και
1561 356 1613 406 ἐν
1639 360 1760 417 Κρε-

179 423 367 496 σφόντῃ
386 428 611 492 κέχρηται
632 423 782 486 οὕτως
809 425 992 476 εε’κεινο
1018 457 1074 463 -
1100 408 1432 490 αἰσχύνομαιζ
1459 432 1764 492 Polyphontaa

181 511 286 548 sunt
313 503 458 548 verba.

926 593 1027 644 46].

347 686 513 754 κέρδη
542 686 765 739 τοιαῦτα
795 679 901 753 χρή
924 705 1046 736 τινα
1077 684 1313 760 κτᾶσθαι
1346 685 1578 753 βροτῶν,

349 765 426 838 ἐφ’
462 763 571 822 οἷσι
601 769 783 837 μέλλει
812 763 1012 837 μήποθ’
1049 762 1284 836 ὕστερον
1314 767 1539 821 στένειν.

283 862 408 908 stob.
434 862 551 908 F10r.
583 862 665 920 94,
693 862 739 908 3.

921 954 1024 1006 462

349 1041 558 1115 Εἰρήνα
589 1041 943 1114 βαθύπλουτε
973 1045 1063 1098 καὶ
1568 1061 1680 1118 στρ.

348 1133 607 1182 καλλίστα
637 1125 898 1197 μακάρων
926 1132 1095 1198 θεῶν,

349 1209 502 1280 ζῆλος
532 1234 622 1281 μοι
653 1213 836 1280 σέθεν,
872 1208 942 1273 ὠς
971 1217 1250 1281 χρονίζεις.

351 1297 570 1349 δέδοικα
601 1293 662 1349 δὲ
691 1291 764 1365 μὴ
796 1295 928 1364 πρὶν
957 1291 1140 1358 πόνοις

347 1375 633 1451 ὑπερβάλῃ
663 1400 729 1448 με
754 1381 947 1448 γῆρας,
1533 1394 1559 1433 5

346 1462 478 1531 πρὶν
508 1459 615 1516 σὰν
643 1466 937 1532 χαρίεσσαν
967 1464 1252 1531 προσιδεῖν
1285 1459 1432 1531 ὥραν

346 1545 437 1599 καὶ
467 1542 819 1615 καλλιχόρους
849 1540 1036 1609 ἀοιδὰς

346 1627 782 1699 φιλοστεφάνους
812 1650 868 1682 τε
899 1626 1128 1699 κώμους.

347 1720 430 1767 ἴθι
459 1735 567 1782 μοι,
599 1708 810 1782 πότνια,
838 1709 1014 1766 πόλιν.

346 1792 446 1850 τάν
476 1793 522 1850 δ’
559 1793 764 1867 ἐχθρὰν
794 1792 987 1851 στάσιν
1019 1793 1145 1865 εἶργ’
1183 1791 1268 1850 ἀπ’
1303 1803 1381 1851 οἴ-
1487 1811 1539 1853 10
1569 1792 1682 1852 ἀντ.

346 1902 458 1934 κων
488 1876 588 1934 τάν
618 1881 954 1981 μαινομέναν
983 1877 1022 1933 τ’
1061 1885 1178 1950 ἔριν
1598 1886 1605 1895 ’

344 1964 533 2037 θηκτῷ
562 1964 899 2033 τερπομέναν
929 1960 1151 2037 σιδαρω.

284 2072 411 2118 Stoh.
436 2073 555 2118 Flor.
586 2072 668 2131 55,
698 2075 750 2118 1:
778 2062 1052 2149 Εὐριπίδου
1080 2066 1405 2132 Κρεσφόντου.
1466 2067 1761 2136 (Εἰρηνη-

179 2136 409 2218 mdcipgo'.
457 2143 612 2203 Polyb.
642 2144 723 2200 12,
752 2142 841 2190 26:
877 2132 1239 2217 ὁμογνωμονεῖν
1276 2139 1327 2190 δὲ
1362 2142 1430 2218 τῷ
1467 2144 1646 2209 ποιητῇ
1682 2140 1765 2190 καὶ

179 2202 264 2258 τὸν
292 2202 570 2270 Εὐριπίδην
606 2207 656 2256 ἐν
687 2205 762 2267 οἷς
787 2211 937 2271 φησίν
963 2203 1186 2273 Εἰρήνα
1211 2238 1277 2245 -
1305 2207 1495 2273 κώμους
1509 2214 1635 2274 '.(vs
1666 2218 1762 2261 1—

180 2278 243 2344 8).
294 2282 469 2326 initium
504 2281 592 2327 loci
628 2283 847 2342 expressit
881 2284 1202 2343 Aristophanes
1238 2286 1281 2328 iu
1308 2283 1550 2359 Γεωργοῖς
1585 2286 1704 2333 Com.
1735 2285 1762 2330 2

179 2367 240 2426 p.
254 2352 375 2398 987:
410 2345 601 2427 Εἰρήνη
636 2344 952 2411 βαθύπλουτε
987 2347 1068 2396 καὶ
1096 2348 1349 2428 Cevycc'pcov
1375 2347 1590 2413 βοεικόν.
1642 2371 1703 2404 vs.
1731 2355 1764 2400 4

180 2412 246 2482 μὴ
279 2417 398 2496 πρὶν
431 2414 600 2476 πόνοις
626 2421 750 2468 Stob.
766 2457 780 2480 ,
813 2412 879 2480 μὴ
905 2419 1022 2483 πρὶν
1048 2423 1200 2482 Polymb
1217 2458 1231 2481 ,
1267 2413 1333 2482 μὴ
1370 2417 1539 2479 πόνοις
1578 2424 1762 2485 Kayser.

180 2506 244 2538 vs.
273 2492 301 2538 9
330 2481 501 2551 πότνα,
527 2485 676 2537 παλιν
702 2492 933 2551 Bergkius.

818 2653 1128 2699 ΚΡΗΣΣΑῙ

283 2742 444 2790 Fabula
480 2745 643 2805 olymp.
683 2743 774 2802 85,
818 2743 847 2788 2
891 2752 988 2790 aeta
1026 2752 1131 2803 est,
1183 2745 1239 2791 cf.
1282 2748 1464 2805 Argum.
1514 2746 1617 2791 Eur.
1668 2745 1760 2790 Alc.

180 2826 315 2871 supra
358 2829 401 2874 p.
442 2814 505 2860 15
547 2814 742 2859 allatum.
825 2813 1004 2860 Cressas
1048 2822 1093 2860 et
1126 2815 1363 2875 Thyestem
1408 2815 1586 2860 nonnisi
1630 2815 1762 2860 titulo

180 2881 357 2928 differre
392 2885 584 2929 coniecit
611 2885 783 2941 Valck.‚
819 2885 890 2928 cui
926 2884 1041 2929 favet
1067 2884 1213 2930 Schol.
1253 2889 1328 2932 Ar.
1365 2886 1471 2930 Ach.
1513 2884 1612 2931 433
1651 2882 1761 2939 (vide
