2077 3139
277 121 346 175 80
978 120 1185 163 AANAH

446 342 517 420 ’ἦν
545 347 650 421 γάρ
679 372 760 415 τις
790 348 960 417 αἶνος,
994 346 1065 412 ὡς
1095 347 1310 417 γυναιξὶ
1340 345 1441 417 μὲν
1471 347 1655 419 τέχναι

447 436 691 505 μέλουσι,
724 431 890 505 λόγχῃ
923 429 972 487 δ’
1008 429 1207 502 ἄνδρες
1240 426 1639 502 εὐστοχῶτεροι.

450 523 501 574 εἰ
527 517 631 588 γὰρ
665 515 907 572 δόλοισιν
935 506 1007 586 ἦν
1037 513 1094 570 τὸ
1126 512 1463 585 νικητήριον,

449 597 604 673 ἡμεῖς
635 597 704 656 ἂν
734 597 960 670 ἀνδρῶν
992 607 1208 671 εἴχομεν
1237 602 1555 669 τυραννίδα.

384 699 509 744 Stob.
538 697 657 744 Flor.
685 698 767 756 73,
797 697 877 742 21.
930 711 993 741 vs.
1023 696 1048 741 1
1075 685 1141 754 ἦν
1165 685 1262 750 ἄρα
1287 710 1358 750 τις
1382 685 1519 750 αἶνος
1545 693 1805 740 Meinekius.

1027 816 1132 868 324

450 913 585 979 ἔρως
616 906 719 978 γὰρ
750 904 921 978 ἀργὸν
951 903 1083 960 κάπὶ
1114 918 1226 970 τοῖς
1257 901 1443 975 ἀργοῖς
1476 910 1607 975 ἔφυ’

449 1000 602 1064 φιλεῖ
629 989 900 1060 κάτοπτρα
932 992 1021 1045 καὶ
1053 989 1219 1060 κόμης
1251 993 1610 1059 ξανθίσματα,

449 1074 642 1147 φεύγει
674 1075 733 1130 δὲ
763 1072 1022 1146 μόχθους.
1070 1077 1133 1128 ἓν
1165 1074 1230 1128 δέ
1255 1096 1345 1144 μοι
1374 1070 1691 1143 τεκμήριον·

449 1156 632 1224 οὐδεὶς
663 1161 976 1228 προσαιτῶν
1007 1162 1194 1228 βίοτον
1223 1151 1445 1227 ἠράσθη
1475 1159 1709 1227 βροτῶν,

453 1248 513 1300 ἐν
541 1257 653 1308 τοῖς
687 1239 739 1297 δ’
777 1249 996 1314 ἔχουσιν
1025 1237 1229 1312 ἡβητὴς
1259 1238 1449 1312 πέφυχ’
1485 1237 1597 1295 ὅδε.
1769 1254 1793 1293 5

388 1341 512 1386 Stob.
550 1340 670 1385 F10r.
712 1339 805 1397 64,
843 1340 888 1384 5.
955 1354 1019 1383 vs,
1061 1340 1086 1383 1
1123 1339 1224 1391 τοῖς
1258 1337 1428 1397 αργοῖς
1464 1336 1735 1394 Piersonus‚
1781 1349 1851 1378 τοι
1856 1351 1881 1389 ς

285 1407 444 1472 ἔργοις
472 1410 627 1468 8ῑοὶ).,
663 1403 902 1464 τοιούτοις
936 1408 1204 1454 Plutarchus
1239 1407 1348 1452 Mor.
1376 1422 1420 1488 p.
1452 1407 1622 1452 757A.
1675 1405 1733 1450 cf.
1760 1404 1876 1450 Plut.

284 1482 394 1527 Mor.
431 1495 478 1540 p.
517 1480 692 1528 7600:
737 1471 906 1524 σκόπει
951 1475 1114 1523 τοίνυν
1156 1475 1332 1531 αὐθις.
1369 1491 1491 1556 εφη,
1534 1477 1675 1551 τοῖς
1666 1465 1880 1535 Αρηίοις

286 1548 445 1611 ἔργοις
471 1544 589 1596 ὅσον
612 1541 768 1606 Έρως
793 1545 1054 1609 περίεστιν,
1090 1562 1180 1592 ουκ
1206 1535 1354 1622 αργὸς
1391 1539 1479 1606 ω’ν,
1515 1561 1577 1601 ως
1603 1533 1880 1605 Εὐριπίδης

287 1617 466 1683 ἔλεγεν,
494 1609 608 1665 ουδὲ
632 1611 962 1679 αστροῖτευτος.
1015 1633 1078 1664 vs.
1109 1619 1137 1664 5
1166 1606 1352 1676 ηβητὴς
1378 1624 1654 1676 corruptum.

1034 1739 1137 1791 325

454 1828 569 1902 τάχ’
607 1825 676 1885 ἂν
706 1828 840 1900 πρὸς
872 1826 1162 1898 ἀγκάλαισι
1193 1829 1282 1883 καὶ
1313 1830 1559 1897 στέρνοις
1592 1828 1737 1898 ἐμοῖς

455 1917 647 1985 πηδῶν
678 1909 882 1983 ἀθύροι
913 1915 1002 1967 καὶ
1034 1910 1356 1984 φιλημάτων
1385 1909 1526 1985 ὄχλῳ

458 1996 641 2069 ψυχὴν
674 1994 807 2068 ἐμὴν
837 1994 1116 2066 κτήσαιτο·
1150 2001 1318 2051 ταῦτα
1349 1994 1452 2066 γὰρ
1485 2001 1702 2064 βροτοῖς

456 2088 688 2152 φίλτρον
718 2083 993 2150 μέγιστον,
1018 2084 1079 2135 αἱ
1105 2084 1409 2148 ξυνουσίαι,
1443 2076 1629 2146 πάτερ.

395 2164 519 2210 Stob.
558 2165 676 2209 Flor.
717 2164 808 2221 78,
844 2163 888 2210 8.
962 2178 1023 2208 v.s
1061 2162 1090 2207 2
1127 2157 1325 2224 πηδῶν]
1369 2153 1529 2206 πεσὼν
1579 2161 1645 2205 vel
1693 2156 1884 2205 πίπτων

292 2237 563 2294 scripserim.
625 2249 691 2278 vs.
732 2234 760 2279 3
797 2230 990 2292 βροτοῖς
1025 2247 1110 2278 om.
1147 2234 1227 2278 AB.
1281 2236 1315 2276 si
1351 2233 1471 2277 hune
1507 2231 1653 2276 locum
1689 2232 1885 2291 respexit

290 2305 617 2364 Aristophanes
652 2304 827 2348 Thesm.
856 2303 945 2348 21:
980 2293 1093 2347 οἷόν
1127 2316 1180 2361 γε
1216 2291 1411 2346 τοῦστὶν
1445 2317 1498 2345 αι
1530 2296 1676 2357 σοφαὶ
1712 2300 1882 2356 ξυνου-

291 2371 412 2432 σίαι,
440 2373 659 2434 suspicari
685 2374 865 2433 possis:
899 2373 1049 2417 ταῦτα
1073 2366 1181 2433 γάρ.
1209 2365 1376 2432 πάτερ,
1412 2368 1616 2432 φίλτρον
1641 2366 1882 2431 μέγιστον,

292 2440 353 2488 αἱ
369 2439 517 2502 σοφαὶ
543 2439 811 2499 ξυνουσίαι.

1036 2535 1139 2588 326

462 2617 505 2681 ῶ
535 2626 720 2698 χρυσέ,
755 2628 990 2696 δεξίωμα
1020 2624 1310 2682 κάλλιστον
1342 2630 1577 2695 βροτοῖς,

463 2705 535 2774 ῶς
564 2707 691 2764 οὔτε
722 2708 897 2780 μήτηρ
927 2707 1130 2779 ἡδονὰς
1158 2704 1368 2765 τοιάσδ’
1404 2713 1532 2779 ἔχει,

461 2817 527 2850 ου
558 2798 752 2857 παῖδες
783 2789 1182 2863 ανθρῶποισιν,
1213 2816 1278 2848 ου
1309 2796 1466 2863 φίλος
1496 2787 1675 2863 πατήρ

465 2876 602 2949 [οἵας
632 2875 702 2932 σύ
735 2879 825 2949 χοί
849 2877 908 2932 σὲ
941 2874 1187 2949 δώμασιν
1217 2873 1573 2946 κεκτημένοι].
