2077 3139
278 125 346 178 88
910 124 1241 169 ΕΡΕΧΘΕΤΣ

278 286 361 330 της
386 263 816 346 ἀμφισβητοῦντα,
851 270 1014 331 τυχεῖν
1050 264 1102 315 δὲ
1135 259 1235 315 κατ’
1265 266 1392 315 εκειι
1396 284 1478 326 ους
1513 285 1627 326 τους
1660 263 1865 331 χρόνους

276 333 595 402 βασιλεύοντα
613 332 863 401 Ερεχθέα,
890 340 1102 401 γυναῖκα
1138 335 1305 400 ἔχοντα
1330 338 1468 402 Πραξς
1455 336 1619 386 ιθέαν
1644 335 1732 400 τήν
1759 342 1861 400 Κη-

279 408 427 469 φισοῦ
462 405 724 471 θυγατέρα.
775 405 987 471 μεγαλου
1021 404 1073 455 δὲ
1114 406 1442 469 στρατοπέδου
1479 406 1734 488 μέλλοντος
1774 405 1862 456 αὖ·

278 482 378 535 τοῖς
405 474 677 540 εἰσβάλλειν
703 476 769 536 εἰς
794 475 883 539 τὴν
907 475 1093 540 χώοαν,
1130 476 1197 535 εἰς
1227 471 1450 539 Δελφοὺς
1475 470 1565 526 ἰων
1588 469 1751 541 ἠρώτα
1775 470 1863 526 τὸν

277 541 399 596 θεὸν
435 547 483 595 τί
513 547 669 594 ποιῶν
702 539 764 594 αν
802 548 946 609 νίκην
985 544 1125 611 λάβοι
1151 541 1282 610 παρὰ
1317 549 1414 595 τῶν
1439 550 1696 611 πολεμί.ων
1746 545 1860 610 χρή-

277 632 451 675 σαντος
477 609 520 664 δ’
550 612 684 697 αὐτῷ
709 623 798 665 τοῦ
822 619 960 679 θεοῦ,
990 615 1082 678 τὴν
1108 615 1357 681 θυγατέρα
1382 617 1426 665 εἰ
1455 615 1627 666 θύσειε
1651 615 1748 682 πρὸ
1773 618 1862 666 τοῦ

276 689 545 751 συμβαλεῖν
569 680 635 734 τώ
660 687 990 768 στρατοπέδω,
1026 702 1285 750 κρατησειν
1319 689 1415 735 τῶν
1450 688 1721 750 πολεμίων,
1755 683 1784 736 ὃ
1809 685 1862 737 δὲ

275 759 345 806 τῶ
370 759 476 824 θεῷ
500 752 789 819 πειθόμειος
825 750 955 806 τοῦτ’
987 755 1160 817 ἔπραξε
1197 775 1279 804 και
1319 775 1431 815 τους
1464 756 1857 819 ἐπιστρατευομέ-

275 844 391 885 νους
417 825 469 875 ἐκ
494 828 576 889 τῆς
613 822 771 890 χώρας
798 826 1000 891 ἐξέβαλε.
1052 820 1127 875 διὸ
1163 825 1246 875 καὶ
1283 826 1480 885 δικαίως
1515 825 1578 876 ἄν
1611 846 1682 886 τις
1707 821 1860 889 Εὐρι-

274 897 426 958 πίδην
470 895 787 960 ἐπαινέσειεν,
838 917 910 946 οτι
950 927 1021 934 -
1063 898 1239 946 τοῦτον
1281 890 1365 945 τὸν
1407 899 1575 977 μῦθον
1616 899 1803 956 προείελ
1809 914 1860 945 το

274 969 493 1028 ποιῆσαι.
553 969 668 1018 plut.
707 972 812 1016 Mor.
853 987 894 1031 p.
934 970 1036 1018 310
1062 972 1115 1016 D:
1145 958 1405 1030 Ερεχθευς
1439 960 1559 1029 πρὸς
1592 964 1861 1031 Εὔμολπον

275 1040 498 1100 πολεμῶν
533 1036 688 1098 ἔμαθε
725 1039 925 1099 νικῆσαι
961 1033 1044 1084 έαν
1078 1031 1169 1101 τήν
1196 1036 1445 1100 θυγατέρα
1478 1036 1735 1117 προθύσῃ,
1777 1035 1861 1085 καὶ

274 1121 673 1187 συγκοινωνησας
707 1108 765 1171 τῇ
790 1106 990 1178 γυναικὶ
1019 1106 1276 1173 Πραξιθέᾳ
1309 1106 1552 1168 προέθυσε
1578 1102 1667 1170 τὴν
1691 1107 1859 1156 παῖδα.

273 1176 508 1240 μέμνηται
542 1170 815 1239 Ευριπίδης
852 1175 901 1224 ἐν
934 1179 1165 1240 Ερεχθεῑ.
1219 1181 1272 1226 cf.
1300 1181 1554 1227 Demaratus
1590 1182 1858 1243 Tragodum.

275 1253 320 1296 in
349 1250 517 1297 Msslleri
545 1251 716 1310 Fragm.
752 1251 862 1296 Hist.
892 1252 979 1295 vol.
1007 1251 1039 1295 4
1077 1266 1118 1310 p.
1148 1250 1245 1297 379
1273 1265 1340 1310 sq.
1392 1251 1798 1311 Ap0110d.3,15,
1831 1252 1856 1296 1

274 1329 319 1366 et
344 1321 390 1366 4.
444 1287 656 1365 subulamD
660 1321 792 1380 paulo
828 1327 933 1381 post
960 1320 1125 1380 olymp.
1156 1320 1239 1377 89,
1266 1321 1297 1364 4
1324 1328 1463 1366 actam
1493 1335 1590 1367 esse
1617 1335 1641 1367 e
1666 1321 1782 1367 plut.
1812 1321 1859 1366 V.

272 1391 420 1436 Niciae
446 1405 482 1436 e.
511 1390 539 1436 9
570 1386 688 1450 (vide
713 1390 766 1435 fr.
796 1390 914 1448 370)
940 1391 1163 1436 conclusit
1189 1390 1447 1435 Meinekius.
1497 1391 1727 1438 Pol-sonus
1753 1405 1859 1466 pro·

273 1460 479 1505 habiliter
504 1460 589 1504 huc
614 1459 752 1505 refert
778 1461 926 1521 adesp.
958 1460 1012 1506 sr-
1031 1460 1154 1507 339:
1183 1458 1312 1518 φιλῶ
1337 1450 1479 1517 τέκν’,
1517 1449 1636 1506 αλλα
1661 1448 1854 1522 πατρίδ’

272 1521 396 1589 ε’μὴν
420 1527 602 1590 μᾶλλον
631 1527 773 1587 φιλῶ.

1017 1608 1115 1661 351

440 1703 748 1755 Αἰθιοπίαν
779 1721 867 1754 νιν
900 1698 1115 1765 ἐξε’σωσ’
1153 1701 1238 1755 ἐπὶ
1267 1696 1457 1771 χθόνα.

378 1795 530 1855 Steph.
559 1796 658 1855 Byz.
687 1812 726 1840 v.
755 1791 957 1853 Αιθίοψ
983 1796 1135 1856 p.47,
1168 1797 1252 1843 13:
1290 1791 1490 1871 λέγεται
1502 1791 1582 1840 καὶ
1609 1791 1857 1841 Αἰθιοπία

273 1863 349 1926 γῆ
402 1859 675 1925 Εὐριπίδης
704 1857 931 1925 Ερεχθεῖ
961 1863 1357 1910 (Αιθιοπίαν-
1392 1856 1596 1927 χθόνα’.
1647 1867 1854 1926 Apollod.

274 1936 330 1993 3,
363 1935 450 1992 15,
477 1935 533 1980 4:
570 1928 729 1992 Χιόνη
766 1929 816 1980 δὲ
843 1933 1114 1980 Ποσειδῶιι
1152 1934 1395 2011 ιιίγνυται·
1432 1929 1463 1995 ἢ
1491 1931 1544 1981 δὲ
1579 1928 1745 1995 κρύφα
1769 1933 1858 1981 τοῦ

272 1994 453 2064 πατρὸς
478 1995 746 2062 Εἴμολπον
770 2002 1000 2057 τεκοῦσα,
1030 2001 1079 2049 ἱί
1083 2022 1113 2049 α
1138 1996 1204 2064 μὴ
1229 2001 1424 2065 γένηται
1451 1998 1761 2084 καταφανής,
1789 2002 1857 2061 εἰς

272 2070 359 2119 τὸν
385 2064 552 2133 βυθὸν
586 2070 743 2136 ῥίπτει
769 2064 820 2118 τὸ
847 2071 1067 2119 παιδίον·
1107 2075 1234 2120 Ποσ
1221 2072 1362 2120 ιδῶν
1399 2071 1450 2121 δὲ
1475 2064 1764 2134 ανελόμενος
1790 2072 1857 2131 εἰς

271 2139 546 2189 Αἰθιοπίαν
573 2141 756 2204 κομίζει
784 2139 864 2188 καὶ
896 2140 1058 2189 δίδωσι
1088 2137 1438 2210 Βενθεσικύμῃ
1463 2141 1674 2206 τρέφειν.

1017 2265 1119 2318 352

438 2360 535 2412 καί
559 2379 666 2426 μοι,
699 2355 874 2412 πολὺν
903 2354 1006 2426 γὰρ
1037 2357 1274 2412 πέλανον
1307 2357 1592 2428 ἐκπέμπεις
1624 2355 1825 2428 δόμων,

438 2437 654 2509 φράσον
684 2438 920 2509 σελήνας
950 2437 1117 2496 τάσδε
1146 2445 1384 2510 πυρίνου
1414 2438 1574 2512 χλόης

376 2533 493 2579 Suid.
523 2550 561 2579 v.
587 2524 846 2579 ἀνάστατοι
872 2544 917 2582 et
941 2534 1165 2594 σελῆναιι
1205 2530 1257 2580 ἐν
1286 2530 1510 2596 Ἐρεχθεῖ
1536 2528 1620 2591 τὰς
1651 2529 1856 2593 σελήνας

269 2597 510 2657 πελαιους
544 2600 741 2663 εἴρηκεν
751 2596 1088 2688 Ευριπίδηςο
1107 2602 1191 2649 καί
1212 2619 1292 2665 μοι
1320 2631 1382 2639 —
1411 2600 1594 2666 χλόης’.
1643 2605 1701 2651 cf.
1731 2605 1851 2651 Suid.

270 2688 309 2717 v.
336 2670 457 2732 βοῦς
485 2668 712 2731 εβδομοςε
740 2667 916 2732 ὁμοίως
943 2671 994 2721 δὲ
1020 2670 1100 2719 καὶ
1127 2672 1184 2719 αἱ
1203 2673 1347 2733 σεληι
1351 2691 1439 2719 αι
1425 2671 1647 2751 πέμματα
1673 2670 1856 2719 πλατέα

271 2740 565 2818 κυκλοτερῆ,
599 2733 631 2786 α’
656 2738 737 2786 καὶ
774 2735 925 2798 ου’τως
960 2738 1193 2789 ε’κιίλουν·
1233 2741 1332 2790 ἔστι
1369 2739 1420 2790 δε
1451 2759 1581 2801 παρα
1605 2736 1857 2820 Εὐριπίδῃ

272 2805 324 2855 ἐν
351 2800 581 2871 Ερεχθεῖ
610 2808 691 2857 καὶ
728 2805 837 2871 παρ’
868 2804 1048 2877 Ἀχαιῷ
1081 2810 1134 2860 ἐν
1156 2805 1320 2875 Ἴριδι.
1379 2814 1591 2874 Ηοςγηςὴ
1627 2806 1853 2873 σελήνάς

269 2875 471 2927 πόπανα
495 2879 563 2944 τῷ
586 2875 749 2944 ἄστρῳ
774 2874 933 2942 ὅμοια,
960 2880 1196 2944 πέμματα.
1248 2884 1404 2945 steph.
1431 2885 1532 2944 Byz.
1569 2899 1606 2928 v.
1636 2876 1856 2944 Σελήνης
