2077 3139
801 117 1190 160 ΠΑΑΑΜΗΔΗΣ
1695 117 1794 170 155

210 261 316 307 facit
341 263 517 308 Thesm.
548 262 672 308 77ος
698 250 790 305 τίν’
820 244 909 305 οὖν
935 249 997 304 ἂν
1023 252 1228 322 α’γγελον
1254 249 1490 322 πέμψαιμ’
1521 251 1587 314 ἐπ’
1618 251 1794 315 αυτόν,·

210 322 302 376 οἶδ
343 321 435 393 ἐγώ
476 326 557 375 καὶ
595 321 654 389 δὴ
697 323 851 391 πόρον
887 325 939 375 ἐκ
983 328 1069 375 τοῦ
1109 326 1457 389 Παλαμήδους·
1507 320 1569 388 ὡς
1613 327 1794 387 ἐκεῖνος

209 395 295 456 τὰς
328 394 512 455 πλάτας
546 397 678 458 ῥίψω
711 393 930 461 γράφων.
983 408 1027 446 et
1061 414 1162 445 mox
1197 401 1320 448 778.
1358 394 1441 462 ἄγε
1479 392 1537 460 δὴ
1572 397 1793 447 πινάκων

208 469 379 526 ξεστῶν
406 465 584 527 δέλτοι,
624 466 696 515 δέ
678 472 824 525 ἶζασθε
849 468 1018 529 σμίλης
1043 459 1096 513 ὁλ
1101 483 1244 529 κους,
1281 464 1500 529 κήρυκας
1540 465 1668 530 ε’μῶν
1703 464 1790 531 μό-

210 542 365 599 χθων.
425 540 499 586 ubi
539 548 733 585 extreml
762 540 893 586 xerba
921 541 1112 585 foxtasse
1138 553 1187 584 ex
1213 542 1312 600 ipso
1350 542 1559 601 Euripide
1601 543 1791 601 repetita

209 618 330 656 sunt.
390 623 480 655 rem
517 610 744 655 illustrant
781 610 956 655 Scholia
992 625 1056 654 vs
1086 610 1184 655 771
1222 610 1293 668 (cs.
1324 611 1447 656 Suid.
1490 627 1528 656 v.
1558 603 1794 684 Παλαμή·

210 677 339 738 δης);
366 669 391 724 ὃ
417 693 508 756 γαρ
529 669 655 737 Ευρι
644 678 806 737 πίδης
832 674 882 723 ἐν
908 677 976 739 τῷ
997 669 1288 738 Παλαμήδει
1314 674 1503 738 ἐποίησε
1530 671 1614 724 τὸν
1631 677 1793 725 Οἴακα

209 741 294 794 τὸν
328 739 414 793 ἆδε
418 740 542 806 λφόν
569 741 900 810 Παλαμηδους
936 741 1206 809 ε’πιγραψαι
1231 747 1298 804 εἰς
1334 765 1417 804 τας
1442 749 1562 804 ναῦς
1587 743 1669 794 τὸν
1695 743 1792 795 θα-

208 833 354 864 νατον
379 807 557 874 αυτοῦ,
595 815 678 862 ι’να
713 812 977 878 φερόμεναι
1012 835 1160 865 αυται
1198 814 1413 865 ἔλθωσιν
1450 835 1517 875 εις
1542 814 1625 864 τὸν
1653 813 1794 865 Ναύ-

207 889 353 934 πλιον
377 878 463 934 τὸν
498 884 680 943 πατέρα
705 882 857 935 αὐτοῦ
893 884 974 933 καὶ
1001 880 1324 950 ἀπαγγείλωσι
1349 881 1432 934 τὸν
1457 883 1680 934 θανατον
1706 879 1792 934 αὖ·

207 959 306 1003 τοῦ.
362 949 520 1020 ὥσπερ
563 955 685 1014 Οἵξα
720 975 785 1004 τω
824 957 1064 1024 Ναυπλίῳ
1098 974 1274 1020 γραφει
1311 954 1361 1004 ἐν
1395 976 1462 1023 τῳ
1509 951 1791 1034 Παλαμήδει

206 1019 497 1085 Εὐριπίδου.
559 1018 583 1073 ὁ
626 1019 717 1089 γὰρ
764 1027 886 1085 Οἴαξ
923 1023 1203 1104 ἕγχαραττει
1247 1030 1447 1084 πολλαῖς
1490 1022 1696 1085 πλαταις
1733 1046 1793 1075 τα

205 1094 316 1156 περὶ
342 1088 426 1143 τὸν
457 1090 766 1157 Παλαμήδην
801 1095 882 1143 καὶ
909 1088 1115 1158 ἀφίησιν
1151 1096 1217 1154 εἰς
1242 1093 1522 1147 θάλασσαν.
1560 1091 1676 1144 ω’στε
1702 1098 1792 1162 μιᾷ

205 1164 259 1229 γε’
284 1183 378 1213 τινι
402 1158 487 1212 τὸν
519 1162 780 1214 Ναύπλιον
806 1171 1107 1226 προσπεσεῖν.
1161 1170 1269 1215 adde
1296 1172 1385 1215 iudi
1390 1170 1506 1216 cium
1524 1171 1788 1246 Aristopha-

205 1241 275 1283 nis
311 1239 485 1284 Thesm.
521 1238 644 1286 848:
685 1240 952 1300 (Euripides)
987 1230 1072 1285 τὸν
1107 1233 1415 1300 Παλαμήδην
1451 1230 1642 1300 ψυχρὸν
1684 1228 1785 1284 ὄντ’

205 1300 496 1368 αἰσχύνεται.
550 1323 703 1354 versus
730 1324 754 1355 a
780 1310 902 1355 Stoi).
929 1311 1048 1358 Flor
1079 1310 1126 1368 9,
1155 1310 1215 1355 21
1246 1311 1434 1356 traditos

453 1390 539 1437 τοῦ
563 1407 655 1452 γαρ
683 1389 874 1439 δικαίου
901 1409 994 1438 καν
1020 1391 1236 1453 βροτοῖσι
1262 1389 1345 1438 καὶ
1371 1394 1508 1448 θεοῖς

451 1451 586 1506 αθαν
577 1476 702 1517 ατος
727 1452 801 1507 αεὶ
829 1456 911 1519 δόξ
915 1479 945 1507 α
972 1459 1179 1507 διατελεῖ
1203 1454 1354 1523 μόνου

204 1561 262 1592 ex
282 1547 366 1592 hac
384 1546 530 1592 fabula
548 1548 717 1606 petitos
740 1561 837 1592 esse
864 1547 1328 1592 coniecitMeinekius.
1357 1548 1470 1593 idem
1494 1548 1547 1594 de
1567 1548 1789 1594 histrione

203 1619 280 1676 qui
307 1616 577 1662 Palamedem
605 1610 754 1660 λώπει
780 1617 960 1662 indutus
997 1617 1157 1662 inscite
1190 1618 1332 1676 egerit
1360 1617 1582 1676 intellegit
1616 1617 1677 1676 gl.
1708 1618 1789 1662 He·

203 1686 371 1745 sychii:
408 1676 638 1740 λωπιστὸς
672 1675 698 1730 ὁ
726 1685 834 1730 Παλ
840 1680 1052 1746 αμηδης·
1091 1680 1142 1730 ἐκ
1170 1701 1255 1744 της
1281 1683 1378 1731 τῶν
1406 1683 1610 1746 ἱματίων
1637 1681 1788 1743 ἐπιρί-

202 1762 350 1812 weme-

945 1864 1050 1918 582

367 1951 433 2009 τὰ
461 1956 555 2025 τῆς
584 1976 646 2024 γε
677 1953 851 2026 λήθης
882 1951 1126 2026 φάρμακ’
1160 1949 1415 2026 όρθώσας
1447 1952 1633 2026 μόνος,

367 2034 561 2106 ἄφωνα
592 2039 681 2093 καὶ
713 2041 1004 2109 φωνοῦντα
1035 2037 1310 2110 συλλαβάς
1341 2062 1399 2095 τε
1428 2039 1549 2105 θεὶς

369 2124 590 2190 ἐξεῦρον
620 2119 966 2190 ἀνθρώποισι
1000 2120 1268 2194 γράμματ’
1308 2123 1534 2193 εἰδέναι,

368 2201 497 2259 ὥστ’
530 2203 595 2260 οὐ
625 2203 870 2275 παρόντα
899 2212 1123 2271 ποντίας
1154 2205 1292 2276 ὑπὲρ
1323 2204 1526 2269 πλακὸς

365 2283 521 2342 τάκεῖ
547 2284 666 2343 κατ’
699 2297 883 2354 οἴκους
913 2288 1073 2345 πάντ’
1111 2293 1439 2345 ἐπίστασθαι
1470 2291 1667 2360 καλῶς,
1758 2305 1785 2345 5

365 2377 557 2426 παισίν
585 2367 633 2427 τ’
667 2369 1092 2443 ἀποθνήσκοντα
1122 2371 1412 2444 χρημάτων
1441 2373 1639 2444 μέτρον

363 2453 678 2524 γράψαντας
711 2462 914 2527 εἰπεῖν,
946 2455 1041 2512 τὸν
1072 2455 1310 2527 λαβόντα
1343 2452 1398 2511 δ’
1435 2456 1655 2512 εἰδέναι.

365 2533 400 2592 δι’
431 2535 482 2593 δ’
517 2544 592 2604 εἰς
634 2544 749 2610 ἔριν
779 2546 1074 2596 πίπτουσιν
1104 2538 1420 2611 ἀνθρώποις
1451 2539 1587 2594 κακά

365 2623 548 2688 δέλτος
584 2627 806 2693 διαιρεῖ,
838 2619 972 2679 κούκ
1005 2625 1065 2697 ἐᾷ
1094 2628 1274 2694 ψευδῆ
1306 2625 1500 2694 λέγειν.

301 2731 567 2778 Stoh.F10r.
597 2733 680 2790 81,
709 2733 755 2778 7.
808 2748 872 2778 v.s
903 2734 932 2780 3
959 2735 1206 2794 respiciunt
1232 2734 1380 2780 Schol.
1409 2735 1587 2810 DionyS.
1606 2733 1709 2778 Tim
1738 2748 1781 2792 p.

198 2799 448 2858 786,12:
492 2800 788 2861 Στησίχορος
825 2797 876 2848 δὲ
912 2796 1222 2864 Παλαμήδην
1256 2792 1458 2877 εὗρετην
1492 2793 1656 2847 αὐτῶν
1703 2799 1782 2863 (sc.

195 2867 293 2914 τῶν
319 2865 629 2933 γραμματων)
657 2873 886 2931 ποιεῖται,
914 2865 949 2935 ῷ
978 2874 1237 2933 συμφωνεῖ
1256 2868 1338 2918 καὶ
1370 2861 1664 2931 Εὐριπίδης.
1723 2872 1781 2917 cf.
