2077 3139
295 118 363 171 93
905 115 1282 158 ΕΤΡΤΣΘΕΤΣ

1046 253 1151 306 380

465 344 674 419 σκύφος
703 369 764 402 τε
793 343 998 418 μακρός

403 446 504 490 Atli.
533 445 656 504 le.
685 443 786 490 498
813 445 867 488 D:
900 433 1170 499 Εὐριπίδης
1200 430 1245 484 δ’
1277 434 1326 485 ἓν
1348 430 1606 497 Εὐρυσθεῖ
1623 431 1892 511 ἀρσενικῶς

299 510 394 572 ἔφη
422 506 642 573 εσκύφος
668 528 716 558 τε
743 506 977 572 μακρόςῆ
1029 513 1086 558 cf.
1114 512 1237 557 Eust.
1266 511 1344 555 od.
1375 526 1416 571 p.
1448 512 1599 568 1775,
1630 511 1717 557 19.
1743 499 1891 571 Εὐρι-

303 582 446 646 πίδης
474 577 692 643 (σκύφος
719 597 767 627 τε
794 574 1021 643 μακρόςῆ
1071 574 1252 641 μακρό5
1237 575 1280 642 ]
1308 573 1478 640 μικρός
1505 582 1776 640 scripserim.

1051 716 1150 769 381

477 793 803 867 Ταρτάρειος

405 893 658 953 Stephanus
694 892 792 952 By.z
839 907 882 952 p.
920 891 1046 947 606,
1093 889 1180 934 12ε
1227 880 1475 947 Τάρταρος
1513 914 1582 920 -
1620 881 1645 933 ὁ
1687 881 1893 948 οἰκήτωρ

302 958 570 1021 Ταρτάριος
549 996 598 1022 3,
631 957 715 1006 καὶ
757 950 835 1005 δια
868 959 952 1019 τῆς
986 960 1065 1004 EI
1087 953 1368 1020 διφθόγγου
1405 950 1520 1019 παρ’
1562 950 1808 1021 Εὐριπίδῃ
1844 953 1894 1001 ἐν

301 1026 566 1094 Εὐρυσθεῖ
586 1035 854 1098 σατυρικῳ.

931 1179 1273 1222 ΘΕΡΙΣΤΑΙ

406 1273 590 1331 Argum.
618 1271 720 1316 Eur.
749 1269 880 1327 Med„
908 1268 1005 1313 vide
1033 1283 1076 1327 p.
1107 1267 1188 1313 83.

953 1417 1246 1460 ΘΗΣΕΤΣ

407 1510 465 1555 De
500 1515 765 1568 argumento
803 1521 955 1566 parum
993 1513 1185 1552 constat.
1239 1506 1458 1550 Theseum
1498 1512 1543 1549 et
1570 1505 1757 1550 Minoem
1794 1520 1897 1565 gra·

304 1582 418 1626 viter
443 1581 638 1624 rixantes
667 1577 866 1623 ostendit
892 1576 944 1621 sr.
973 1571 1185 1633 386,οἱ
1205 1568 1484 1633 ταττόμενοι
1519 1571 1688 1629 παῖδες
1721 1571 1787 1630 εἰς
1813 1573 1896 1636 βο-

306 1645 399 1707 ρὰν
442 1646 511 1712 τῷ
556 1639 874 1710 Μινωταύρῳ
915 1654 1220 1691 memorantur
1264 1646 1308 1690 in
1353 1644 1500 1691 Schol.
1546 1645 1776 1705 Aristoph.
1821 1646 1894 1704 (fr.

307 1721 449 1778 389),
494 1721 645 1778 itaque
688 1717 980 1777 probabiliter
1023 1716 1109 1762 huc
1152 1715 1290 1760 relata
1337 1723 1407 1760 est
1447 1714 1684 1760 Minotauri
1729 1718 1896 1761 mentio

307 1805 438 1851 quam
466 1789 679 1834 habemus
707 1789 762 1833 sr.
786 1787 885 1834 383
915 1795 958 1832 et
986 1786 1101 1833 384.
1130 1787 1314 1831 Tzetzes
1341 1784 1566 1844 Chil.11,
1594 1785 1719 1832 555:
1748 1781 1813 1840 εἰς
1840 1776 1899 1830 ὃν

307 1859 624 1920 (labyrinthum
651 1857 776 1916 (licit)
802 1848 864 1918 ἠν
889 1850 915 1902 ὁ
958 1848 1304 1915 Μινώταυρος,
1332 1846 1664 1915 βοαυθρωπον
1689 1852 1896 1913 θηρίον·

307 1923 477 1975 πολλοὶ
514 1923 563 1974 δὲ
598 1919 923 2003 ἐγκλειόμευοι
966 1920 1118 1971 ἐκεῖσε
1152 1917 1427 2001 ἀνῃροῦντο
1462 1917 1560 1970 ὑπὸ
1597 1924 1684 1970 τοῦ
1718 1925 1897 1970 Μινω-

309 1990 491 2058 ταύρου
517 1993 629 2058 μέν,
659 2009 816 2056 ωσπερ
843 1992 972 2042 τισὶν
997 1986 1190 2056 ἀρέσκει
1218 1990 1300 2040 καὶ
1331 1987 1577 2059 Εὐριπίδῃ
1612 1989 1663 2040 δὲ
1687 1986 1823 2060 αὐτῷ
1848 1989 1901 2040 ἐν

309 2064 518 2132 δράματι
549 2063 719 2127 Θησέι,
746 2061 871 2112 κατά
905 2082 980 2111 τιι
984 2082 1040 2122 ας
1077 2062 1264 2127 ἑτέρους
1301 2060 1351 2111 δὲ
1385 2065 1601 2125 καιιπαῖς
1628 2046 1899 2122 δυσεξελεύ-

308 2153 457 2195 στοις.
508 2153 683 2184 scenam
709 2141 755 2184 in
781 2138 909 2184 Creta
934 2138 1076 2183 fuisse
1101 2143 1447 2183 consentaneum
1477 2143 1561 2181 est.
1607 2136 1780 2195 aliquot
1807 2137 1900 2182 Dic-

311 2213 397 2271 tyis
434 2224 588 2255 versus
629 2208 700 2266 (sr.
739 2208 856 2266 342)
893 2209 997 2253 huic
1037 2207 1209 2253 fabulae
1246 2206 1403 2251 tribuit
1439 2206 1660 2252 Stobaeus
1696 2206 1815 2252 Flor.
1852 2206 1901 2264 5,

310 2281 394 2339 ⁶21,
422 2282 528 2325 item
555 2280 691 2338 Aegei
718 2278 865 2324 locum
894 2274 966 2338 (sr.
996 2277 1042 2336 7)
1071 2277 1186 2322 Flor.
1217 2277 1265 2334 9,
1292 2276 1339 2323 8.

1062 2413 1164 2465 382

479 2504 678 2576 σχεδὸν
709 2498 833 2574 παρ’
865 2501 1051 2568 αὐτοῖς
1083 2505 1411 2574 κρασπέδοις
1442 2499 1737 2572 Εὐρωπίας

417 2601 670 2662 Stephanus
709 2602 805 2660 Byz.
847 2616 891 2660 p.
927 2601 1053 2657 287,
1092 2601 1178 2646 11;
1224 2587 1445 2657 Ευρωπη
1488 2623 1551 2630 -
1591 2592 1776 2658 λε’)εται
1822 2591 1904 2641 καὶ

315 2662 576 2730 Ευρωπεια
610 2665 692 2715 καὶ
735 2660 815 2714 δια
849 2669 934 2714 τοῦ
963 2671 990 2714 Ι
1012 2660 1252 2727 Εύρωπιά
1280 2695 1342 2702 -
1374 2660 1643 2725 Εὐριπίδης
1680 2662 1730 2711 ἐν
1757 2663 1911 2725 Θησεῖ

315 2731 512 2800 εσχεδὸι
536 2731 934 2815 -Ευρωπίας’.
973 2740 1156 2785 Aristid.
1184 2740 1270 2784 vol.
1299 2739 1327 2784 2
1355 2753 1398 2799 p.
1427 2737 1551 2783 444:
1580 2733 1737 2782 καίτοι
1763 2747 1906 2795 κρασ-

315 2808 464 2857 πεδον
492 2799 767 2873 Εὐριπίδου
804 2807 947 2874 φωνῇ
981 2799 1164 2869 μα’λισ-’
1192 2800 1256 2853 αἰ]
1283 2824 1354 2864 τις
1379 2822 1536 2866 αυτηυ
1562 2804 1904 2867 (Alexandriam)

318 2874 572 2943 Αἰγύπτου
599 2878 867 2942 προσείποι.
