2077 3139
0 0 27 69 ma

645 155 1014 198 FABVLARVM
1034 155 1257 198 FRAGM.
1484 159 1487 162 ’
1632 152 1732 205 281

146 290 294 342 πάλιν
321 294 471 356 φησίν
507 287 562 343 ‘6
589 295 705 352 νοῦς
729 313 823 358 γαρ
858 287 1002 357 ἡμῶν
1028 291 1158 343 ἐστιν
1194 289 1377 373 ἑκάστῳ
1403 289 1521 352 θεός
1535 296 1564 341 ’.
1615 297 1730 343 Plut.

145 369 252 414 Mor.
280 384 321 428 p.
351 369 448 415 999
472 368 526 412 E:
565 362 794 425 καθάπερ
831 362 1179 427 Μένανδρος
1197 358 1221 411 6
1257 366 1372 422 νοῦς
1402 357 1495 427 γὰρ
1530 357 1732 426 ἡμῶνο
1705 359 1732 412 6

146 431 304 493 θεός’.
355 437 502 483 13111111.
530 438 677 484 ΡΓοῑΓ.
708 453 744 483 c.
773 438 801 484 8
828 453 872 497 p.
905 437 1026 484 138:
1064 429 1088 480 6
1116 435 1233 491 νοῦς
1256 431 1349 512 γὰρ
1376 428 1516 496 ἡμῶν
1542 429 1567 480 6
1593 427 1730 528 &2693

143 504 242 552 εἴτε
279 497 564 585 Ερμότιμος
607 504 703 552 εἴτε
742 499 1070 568 Ἀναξαγόρας
1116 506 1218 551 εἰπε
1257 505 1399 551 τοῦτο
1436 502 1519 551 καὶ
1553 496 1629 551 ότι
1677 496 1730 550 6

143 567 328 637 θνητὸς
362 567 482 622 αἰών
517 573 658 637 μέρος
695 572 789 636 ἔχει
824 576 947 621 θεοῦ
982 577 1156 631 τινος’.
1206 577 1316 621 Men.
1345 576 1464 622 Com
1505 576 1590 622 vol.
1619 576 1651 620 4
1687 592 1731 636 p

147 648 235 693 72:
270 643 390 702 θεός
416 641 513 693 ἐστι
547 649 647 702 τοῖς
682 648 902 709 χρηστοῖς
926 637 999 720 ᾇεὶ
1027 636 1051 691 6
1087 641 1203 700 νοῦς
1228 661 1348 707 γαρ,
1379 636 1442 701 ὡς
1469 643 1653 703 ἔοικεν,
1692 645 1730 691 ὠ

145 728 435 775 σοφωτατοι.
484 732 526 778 p
556 718 642 764 9οε
680 732 704 762 ο
732 714 849 771 νοῦς
883 731 974 777 γαρ
1014 711 1142 762 ἐστιν
1175 705 1201 760 ὃ
1229 710 1450 773 λαλήσων
1486 709 1620 772 θεός.
1671 718 1728 762 cf.

145 788 315 833 Marcus
340 787 742 846 Α111011.12,26;
780 780 1023 831 ἐπελαθου
1051 782 1101 832 δὲ
1135 781 1217 830 καὶ
1243 784 1331 831 τοῦ
1366 777 1441 831 ότι
1468 774 1492 831 6
1529 778 1731 831 ἕκαστου

144 855 261 911 νοῦς
285 851 417 912 θεός.
466 857 660 903 lullanus
687 873 731 917 p.
762 858 825 904 68
846 859 901 902 D:
942 855 1014 921 νῷ
1041 851 1122 901 καὶ
1150 848 1386 939 φρονήσει
1423 851 1504 900 καὶ
1531 846 1582 900 τὸ
1615 850 1731 902 ὅλον

142 925 211 991 τῷ
239 921 290 971 ἐν
315 920 436 986 ἡμῖν
461 924 584 991 θεῷ.
637 928 751 972 idem
780 942 821 986 p.
855 928 950 974 196
970 929 999 971 D
1054 917 1165 971 αλλ’
1193 919 1270 973 ὅτι
1296 923 1364 1005 τῷ
1390 919 1526 1001 λόγῳ
1553 922 1637 970 καὶ
1662 924 1729 989 τῷ

146 974 195 1040 ἐν
220 989 338 1056 ἡμῖν
364 996 468 1060 θεῳ
496 988 625 1040 τοῦτ’
657 992 755 1042 ἔστι
782 995 850 1062 τῷ
877 995 946 1060 νῷ
971 990 1126 1042 ταῦτα’
1151 988 1330 1041 ἐστιν’
1305 987 1575 1079 απόρρητα.
1622 997 1729 1041 Her-

142 1080 236 1113 mes
272 1067 530 1113 Poemandr.
568 1081 606 1112 c.
639 1067 700 1111 12
744 1082 784 1126 p.
815 1045 942 1114 ‘1002
979 1060 1118 1122 οὗτος
1160 1059 1257 1112 δὲ
1234 1081 1259 1111 ο
1295 1065 1411 1121 νοῦς
1439 1061 1490 1112 ἐν
1524 1061 1612 1125 ιιὲν
1647 1082 1729 1110 αν·

141 1129 366 1195 θρώποις
401 1129 521 1190 θεός
556 1131 1220 1197 §Gtz.Tl1eopl1il.adAutol.
1252 1137 1310 1197 2,
1343 1137 1376 1183 4
1412 1151 1455 1196 p.
1486 1136 1574 1183 54:
1610 1126 1730 1181 θεὸν

143 1198 268 1251 εἶναι
295 1197 450 1266 μόνον
476 1202 595 1265 φασὶ
623 1201 714 1265 τὴν
741 1200 946 1252 ἓκαστου
971 1203 1268 1266 συνείδησιν.

860 1342 993 1394 1008

310 1429 553 1488 δούλοισι
585 1429 686 1504 γάρ
718 1437 776 1487 τε
808 1435 980 1502 ζῶμεν
1009 1436 1066 1488 οιῗ
1093 1430 1391 1506 ἐλεύθεροι.

246 1542 392 1588 Schol
419 1543 541 1588 Pind.
570 1543 698 1603 Pyth.
727 1543 784 1601 4,
813 1543 902 1588 71·
942 1536 1107 1600 ἐπειδη
1144 1537 1195 1587 δε
1231 1540 1284 1587 οἱ
1313 1540 1378 1587 οἰ·
1376 1538 1491 1588 εέται
1527 1539 1624 1586 τῶν
1660 1537 1730 1586 δε-

142 1609 334 1657 σποτῶν
369 1602 480 1666 τοῦς
516 1606 698 1666 πόνους
738 1604 991 1656 διαλύουσι
1034 1616 1095 1676 τῇ
1131 1610 1396 1676 θεραπεία,
1436 1605 1729 1667 λυσιπόνους

140 1671 320 1736 αὐτους
355 1672 603 1739 εκαλεσεν,
642 1672 706 1736 ὡς
741 1673 1022 1743 Εὐριπίδης
1058 1677 1306 1727 εδούλοισι
1335 1707 1397 1715 --
1435 1673 1709 1744 ἐλευθεροι’
1716 1715 1730 1728 .

142 1765 294 1797 versus
322 1753 515 1798 nondum
543 1753 813 1797 emendatus.

859 1873 991 1926 1009

305 1957 339 2018 ὂ
371 1960 419 2017 δ’
459 1961 763 2037 ἐσφάδαζεν
791 1959 892 2020 οὐκ
923 1970 1061 2035 ἔχων
1092 1961 1422 2035 ἀπαλλαγάς.

245 2062 1166 2150 Schol.Soph.Ai.8331010-‹30016016102
1206 2070 1383 2120 -καὶ
1418 2064 1535 2137 παρ’
1575 2064 1726 2137 Εὐρι-

140 2138 298 2206 πίδῃ(
314 2158 339 2187 ο
369 2131 414 2186 δ’
446 2168 508 2175 -
535 2135 842 2205 ἅπαλλαγάς’
849 2179 858 2189 .

857 2280 991 2330 1010

243 2365 393 2411 Schol.
421 2366 556 2427 Soph.
597 2368 753 2414 Trach.
789 2368 882 2413 172
922 2369 974 2413 de
1009 2369 1257 2415 Dodonaeis
1294 2360 1723 2430 columbis:Et'191-

138 2430 282 2494 πίδης
309 2436 434 2496 τρεῖς
459 2432 708 2496 γεγονέναι
735 2433 888 2496 φησὶν
914 2427 1086 2493 αυτας·
1115 2435 1164 2482 οἰ
1191 2434 1241 2484 δὲ
1267 2432 1371 2484 δυό.

854 2587 984 2638 1011

241 2673 364 2719 Serv.
394 2675 525 2733 Vel-g.
554 2679 600 2719 Α.
632 2675 688 2732 7,
717 2675 841 2721 337:
879 2677 962 2720 tibi
984 2679 1171 2722 nomina
1197 2673 1344 2738 mille]
1381 2703 1434 2709 —-
1468 2681 1723 2725 seeundum

137 2742 435 2802 Euripidem,
481 2748 528 2789 in
574 2748 709 2790 cuius
756 2747 1001 2804 trayoeclia
1044 2748 1156 2792 (licit
1197 2748 1349 2792 Furia
1394 2761 1444 2793 se
1486 2763 1579 2794 non
1621 2761 1723 2794 esse

137 2816 279 2858 unius
296 2818 570 2872 potestatis,
609 2817 694 2859 sed
716 2828 765 2860 se
797 2814 1070 2874 fortunam,
1108 2829 1159 2862 se
1187 2818 1426 2874 Nemesin,
1464 2830 1514 2862 se
1546 2818 1720 2878 fatum,

136 2893 185 2926 se
212 2895 314 2928 esse
339 2887 683 2930 necessz’talem.
