2077 3139
353 112 453 165 160
982 110 1333 154 ΠΕΙΡΙΘΟΤΣ

457 257 588 316 Greg.
617 256 720 302 Cor.
747 257 793 302 in
819 255 946 301 Rhea.
975 254 1062 300 vol.
1092 255 1119 300 7
1147 269 1193 315 p.
1209 252 1365 300 1312:
1393 243 1767 313 καὶΕὐριπίόης
1792 244 1948 312 ’Ζεὺς

356 350 414 360 -
445 320 568 370 ‘uno'
598 323 675 387 (v.s
702 325 769 384 4).
819 325 965 379 ούτος
999 313 1024 368 ὁ
1051 321 1208 383 στίχος
1235 317 1287 368 ἐν
1316 319 1455 368 δυσὶν
1481 315 1680 383 εὕρηται
1707 319 1948 385 δράμασιν

342 386 644 454 Ευριπίὸου,
682 391 734 440 ἕν
768 409 819 440 τε
854 411 919 456 τῳ
967 390 1208 468 λεγομένῳ
1244 391 1475 460 Πειρίθῳ
1509 389 1591 438 καὶ
1631 390 1682 439 ἐν
1717 393 1778 457 τῇ
1802 395 1948 475 σοφῇ

353 467 439 512 Me
445 464 674 529 λανίππῃ.
733 459 784 510 ἐν
820 460 908 525 μὲν
944 479 1035 525 γαρ
1072 480 1136 529 τῳ
1174 463 1399 530 Πειρίθῳ
1435 476 1774 540 παρεισαγεται
1802 457 1947 543 Ἡρα-

351 534 472 594 κλης
508 532 559 581 ἐν
587 532 673 613 (ἐς
687 533 863 596 malim)
886 526 1060 579 Ἀιὸου
1095 513 1349 579 κατελθὼν
1384 550 1507 580 κατα
1540 530 1761 580 κέλευσιν
1789 525 1949 614 Εὔρυ-

351 603 510 661 σθέως
537 602 620 651 καὶ
645 595 742 650 ὑπὸ
769 604 856 650 τοῦ
882 601 1078 649 Αἰακοῦ
1103 599 1411 666 ἐρωτώμενος
1444 596 1572 659 όστις
1600 600 1696 650 ἔστι
1725 602 1807 650 καὶ
1832 596 1950 650 ἄπο-

351 671 642 737 κρινόμενος
678 671 812 735 εἐμοὶ
837 667 1279 736 -Ευρυσθέως’.
1341 674 1580 734 Euripiden
1623 675 1756 722 verba
1797 675 1950 737 prolo-

352 761 458 807 gum
484 749 678 808 sapiunt.
731 747 785 792 de
811 761 872 791 vs.
900 745 932 790 4
960 746 1012 792 cf.
1042 746 1096 791 fr.
1123 745 1241 793 484.

1105 882 1209 934 595

521 977 614 1029 ἵνα
645 969 953 1044 πλημοχόας
985 969 1142 1027 τάσδ’
1183 976 1258 1037 εἰς
1288 970 1516 1043 χθόνιον

522 1055 683 1128 χάσμ’
723 1055 980 1128 εὐφήμως
1011 1056 1328 1128 προχέωμεν

458 1155 562 1199 Ath.
591 1154 644 1198 XI
678 1169 720 1214 p
748 1152 849 1200 496
873 1154 924 1197 Β;
962 1145 1230 1212 πλημοχόη,
1269 1149 1442 1207 σκεῦος
1476 1149 1747 1229 κεραμεοῦν
1780 1149 1950 1213 βεμβι-

355 1220 507 1279 νωόες
532 1249 602 1257 --
636 1221 848 1283 χρῶνται
884 1217 934 1267 δὲ
961 1239 1111 1299 αυτῳ
1125 1218 1177 1268 ἐν
1204 1215 1445 1267 Ἐλευσῖνι
1478 1220 1537 1287 τῇ
1573 1220 1820 1268 τελευταία
1854 1221 1952 1268 τῶν

355 1292 633 1354 μυστηρίων
667 1285 848 1359 ημέρα,
885 1309 948 1352 ην
975 1288 1057 1338 καὶ
1083 1279 1171 1337 ἄπ’
1199 1281 1352 1337 αὐτοῦ
1379 1272 1807 1354 προσαγορεύουσι
1830 1293 1952 1351 πλη-

356 1356 558 1424 μοχόας·
610 1358 660 1408 ἐν
697 1360 728 1428 ᾗ
766 1357 852 1408 δύο
886 1358 1167 1424 πλημοχόας
1203 1355 1546 1438 πληρωσαντες
1579 1378 1669 1423 την
1703 1379 1793 1423 μεν
1829 1353 1952 1422 πρὸς

356 1425 597 1489 άιατολας
624 1449 714 1492 την
743 1429 793 1479 δὲ
817 1426 938 1494 πρὸς
965 1428 1107 1478 δύσιν
1133 1426 1444 1493 ἀνιστάμενοι
1469 1422 1824 1490 ἀνατρέπουσιν
1853 1448 1950 1478 επι-

359 1500 574 1565 λέγοντες
607 1501 752 1564 ρῆσιν
786 1495 1041 1564 μυστικήν.
1092 1518 1390 1563 μνημονευει
1426 1498 1476 1548 δὲ
1502 1495 1663 1548 αυτών
1698 1498 1780 1548 καὶ
1818 1498 1842 1549 ὁ
1869 1518 1953 1548 τον

357 1572 632 1637 Πειρίθοον
657 1570 880 1636 γράψας,
907 1571 1010 1664 <ests
1037 1572 1240 1633 Κριτίας
1266 1569 1395 1619 ἐστὶν
1421 1565 1445 1619 ὁ
1473 1567 1626 1635 τύραι
1634 1589 1714 1630 νος
1741 1590 1770 1634 η
1801 1566 1952 1635 Εὐρι·

357 1642 517 1705 πίὸης,
545 1641 697 1706 λέγων
725 1639 812 1691 οὔτ
794 1660 880 1699 ιως
907 1641 1021 1689 ἵνα
1050 1671 1112 1678 -
1140 1640 1465 1706 προχέωμεν.

526 1872 588 1929 σὲ
617 1870 712 1928 τὸν
743 1869 996 1944 αὐτοφυῆ
1025 1868 1122 1928 τὸν
1155 1874 1215 1927 ἐν
1246 1876 1478 1946 αἰθερίῳ

527 1955 721 2030 ῥόμβῳ
753 1954 976 2012 πάντων
1006 1954 1178 2026 φύσιν
1211 1952 1538 2027 ἐμπλέξανθ’
1557 1998 1574 2026 ‚

526 2037 592 2097 ὃν
624 2043 747 2113 πέρι
777 2042 878 2111 μὲν
907 2041 1043 2110 φώς,
1077 2041 1201 2112 περὶ
1235 2036 1287 2095 δ’
1320 2036 1561 2110 ὀρφναία

527 2124 626 2191 νὺξ
658 2122 976 2195 αἰολόχρως,
1009 2121 1225 2195 ἄκριτός
1255 2121 1302 2179 τ’
1340 2121 1557 2196 ἄστρων

526 2207 682 2281 ὄχλος
715 2211 1010 2280 ἐνδελεχῶς
1042 2204 1397 2281 ἆμφιχορεύει
1844 2221 1873 2264 5

465 2321 666 2365 Clemens
710 2319 1122 2366 Alex.Str01n.V
1171 2335 1215 2379 p.
1265 2320 1363 2365 717
1411 2318 1645 2385 (Eusebius
1688 2318 1758 2363 Pr.
1806 2318 1854 2363 Ε.
1891 2332 1953 2391 p.

363 2390 458 2437 681
482 2390 553 2449 B):
594 2385 644 2434 ἐν
673 2384 724 2435 δὲ
749 2388 817 2462 τῷ
845 2388 1072 2468 Πειρίθῳ
1102 2382 1353 2482 ὁράματι
1330 2404 1355 2434 ο
1384 2381 1529 2444 αὐτὸς
1556 2387 1692 2447 (Eur.)
1728 2382 1809 2431 καὶ
1844 2377 1956 2432 ταδε

361 2456 639 2525 τραγῳδεῖ
655 2456 706 2505 σὲ
731 2453 814 2504 τὸν
837 2486 909 2495 --
931 2454 1298 2534 οἷμφιχορευει’.
1352 2475 1415 2505 x·.s
1441 2460 1467 2504 1
1488 2467 1532 2504 et
1555 2459 1583 2504 2
1611 2459 1775 2503 habent
1802 2457 1952 2504 Sehol.

360 2531 464 2576 Eur.
493 2530 564 2575 Or.
595 2531 718 2577 981:
753 2523 922 2588 ὅμοιον
949 2524 1103 2594 τούτῳ
1140 2519 1192 2575 τὸ
1220 2525 1271 2575 ἐν
1297 2527 1579 2594 Πειρίθῳ
1596 2523 1649 2573 σὲ
1672 2515 1757 2571 τὸν
1781 2552 1849 2560 -—
1876 2521 1954 2586 ἐμ-

360 2594 642 2656 πλέξαντα’.
701 2600 965 2674 Scl101.Ap.
1014 2601 1249 2658 Rhod.4.,
1299 2600 1421 2646 143:
1470 2615 1550 2642 και
1587 2589 1863 2654 Ευριπίδης
1903 2591 1955 2640 ἐν

361 2668 633 2734 Πειρίθῳε
646 2664 697 2713 σὲ
725 2660 808 2714 τὸν
852 2695 902 2701 -
930 2663 1153 2733 ῥύιιβῳ’.
1205 2671 1262 2716 cs.
1290 2670 1414 2716 Eust.
1446 2670 1488 2713 in
1515 2669 1694 2743 Dionys.
1720 2667 1765 2712 P.
1797 2667 1954 2713 1134.

359 2735 487 2794 τινὲς
515 2735 565 2786 δὲ
592 2730 781 2800 ρύμβον
807 2753 1049 2800 γραφουσι
1077 2729 1157 2784 δια
1182 2738 1268 2784 τοῦ
1299 2739 1356 2797 Y,
1387 2728 1449 2793 ὦς
1462 2726 1738 2793 Ευριπίὸης
1764 2731 1814 2779 ἐν
1840 2735 1957 2782 Πει-

360 2808 487 2885 ρι’θῳ
524 2807 748 2879 αἰθέριον
785 2803 977 2870 ρύμβον
1012 2807 1178 2870 φησίν.
1249 2810 1460 2870 Hesysch
1504 2803 1703 2865 αἰθέρος
1744 2802 1953 2868 ρύμβος·

360 2868 581 2941 ουρανός.
632 2896 694 2926 vs.
723 2880 752 2927 5
795 2889 999 2942 spectare
1026 2881 1201 2926 videtur
1227 2880 1480 2926 Perletione
1519 2877 1700 2924 Stobaei
1725 2876 1844 2925 Flor.
1873 2877 1956 2936 79,
