2077 3139
805 117 1104 160 οΙΔΙΠοΤΣ
1630 113 1729 166 149

890 254 993 307 556

315 344 516 417 πότερα
545 345 804 416 γενέσθαι
839 348 973 415 δῆτα
1004 341 1406 417 χρησιμώτερον

316 427 546 486 συνετὸν
575 426 809 500 ἄτολμον
839 422 872 499 ἢ
903 426 1124 500 θρασύν
1153 450 1211 482 τε
1242 425 1491 500 κᾶμαθῆ;

314 511 372 569 τὸ
402 513 503 584 μὲν
532 510 634 583 γὰρ
666 509 851 567 αὐτῶν
882 509 1092 583 σκαιόν,
1125 507 1246 567 ἀλλ’
1279 510 1561 583 ἀμύνεται,

313 594 372 652 τὸ
404 592 459 651 δ’
491 590 759 667 ἡσυχαῖον
789 593 988 666 ἀργόν·
1024 598 1082 650 ἐν
1116 593 1165 649 δ’
1201 593 1409 666 ἀμφοῖν
1439 594 1616 661 νόσος.

251 693 373 739 Stob.
400 693 516 738 Flor.
546 693 592 751 7,
624 693 702 739 10.
741 707 801 737 vs.
831 692 859 737 2
888 681 1093 752 καμαθῆ
1119 692 1318 750 Grotius,
1345 686 1565 752 κὲμμανῆ
1591 693 1704 738 libri.

891 813 990 865 557

318 906 679 974 ἐκμαρτυρεῖν
708 900 813 973 γαρ
845 899 1021 976 ἄνδρα
1051 901 1144 968 τὰς
1175 901 1342 959 αὑτοῦ
1371 901 1538 975 τύχας

317 992 391 1051 εἰς
423 985 626 1050 πάντας
657 982 885 1058 ἀμαθές,
916 986 974 1042 τὸ
1001 984 1051 1042 δ’
1083 984 1511 1060 ἐπικρύπτεσθαι
1541 983 1729 1058 σοφόν.

253 1083 374 1129 stob.
404 1084 521 1129 Flor.
551 1084 665 1142 109,
695 1085 739 1130 6.

896 1176 997 1228 558

315 1263 515 1330 πολλάς
546 1261 601 1335 γ’
634 1263 662 1321 ὅ
699 1270 912 1337 δαίμων
941 1269 1037 1320 τοῦ
1068 1271 1195 1336 βίου
1225 1264 1578 1338 μεταστάσεις

316 1353 519 1405 ἔδωκεν
548 1347 678 1420 ἡμῖν
706 1348 1010 1420 μεταβολάς
1040 1373 1099 1405 τε
1130 1352 1224 1420 τῆς
1254 1348 1433 1421 τύχης.

252 1445 375 1491 Stob.
403 1442 518 1490 Flo'r.
549 1444 664 1503 105,
690 1437 772 1491 44.
825 1460 888 1491 vs.
922 1447 949 1491 1
978 1437 1294 1501 καταστάσεις
1321 1446 1427 1492 Lud.
1456 1462 1479 1492 a
1505 1447 1653 1508 Sybel.

895 1552 999 1604 559

314 1625 424 1698 ὁρῶ
454 1624 556 1699 γὰρ
588 1626 765 1702 χρόνῳ

315 1716 475 1766 δίκαν
506 1708 667 1766 πάντ’
704 1709 948 1782 ἄγουσαν
992 1717 1068 1777 εἰς
1099 1714 1215 1783 φώς
1247 1717 1479 1784 βροτοῖς.

253 1806 377 1853 Stob.
404 1808 493 1853 Eel.
522 1809 565 1862 1,
596 1807 643 1865 3,
672 1808 700 1854 3
729 1823 772 1868 p.
803 1808 912 1855 104.
964 1824 1027 1854 vs.
1057 1808 1086 1853 2
1116 1805 1258 1853 δίκαν
1282 1811 1334 1866 Α,
1364 1805 1505 1868 δίκην
1531 1810 1588 1855 al.

892 1928 996 1981 560

314 1999 522 2076 ἀηδόνα

252 2100 462 2160 Hesych.:
497 2091 707 2160 ἀηδόνα·
743 2098 1008 2162 γλωσσίδα,
1051 2101 1405 2165 μεταφορικῶς.
1461 2091 1735 2165 Εὐριπίδης

150 2166 390 2215 Οἰδίποδι.
442 2171 497 2216 cf.
526 2171 580 2216 fr.
611 2171 724 2219 923.

891 2265 991 2318 561

315 2337 593 2410 ἄναρθρος

188 2501 200 2519 Ι
250 2437 465 2496 Hesych.:
502 2426 779 2498 ἄναρθρος·
817 2428 1015 2496 ἄτονος,
1051 2427 1282 2498 ἀσθενής.
1345 2426 1612 2500 Εὐριπίδης
1648 2434 1731 2484 Οἰ-

150 2501 325 2551 διποδι.
807 2573 1077 2615 ΟΙΝΕΤΣ

249 2661 458 2706 Fabulam
495 2668 595 2707 ante
634 2660 799 2721 olymp.
840 2661 930 2719 88,
968 2661 997 2707 3
1036 2669 1177 2707 actam
1212 2675 1311 2707 esse
1348 2663 1480 2707 docet
1515 2663 1586 2706 Ar.
1625 2661 1730 2707 Ach.

145 2727 272 2775 418:
300 2733 433 2775 ETP.
459 2745 516 2774 τα
541 2731 657 2775 ποῖα
684 2724 858 2790 τρύχη,·
892 2727 997 2790 μῶν
1024 2726 1074 2775 ἐν
1096 2721 1171 2786 οἷς
1201 2723 1374 2786 Οἰνεὺς
1400 2722 1525 2775 ὁδὶ
1501 2746 1526 2775 ο
1558 2723 1733 2775 δύσπο-

144 2811 260 2854 τμος
284 2789 475 2858 γεραιὸς
500 2792 783 2861 ἠγωνίζετο·
811 2798 886 2845 ubi
914 2799 1086 2846 Schola
1113 2796 1377 2862 γέγραπται
1403 2816 1467 2865 τῳ
1451 2788 1733 2863 Ευριπίδῃ

144 2862 303 2926 δρᾶμα
332 2859 518 2924 Οἰνεύς.
569 2866 687 2930 μετὰ
724 2864 775 2914 δὲ
800 2863 887 2914 τὸν
921 2860 1142 2915 θανατον
1171 2866 1362 2925 Τυδέως
1398 2865 1479 2914 καὶ
1514 2864 1732 2932 ε’πιστροὶ-
