2077 3139
830 123 1077 165 ΤΕΝΝΗΣ
1651 117 1745 171 187

334 367 447 418 τοῖς
477 351 577 424 μὲν
609 355 837 415 δικαίοις
870 353 1102 419 ἔνδικος,
1134 360 1245 412 τοῖς
1281 345 1329 403 δ’
1367 338 1439 402 αὖ
1475 358 1660 410 κακοῖς

337 435 558 492 πάντων
587 436 836 506 μέγιστος
867 434 1120 503 πολέμιος
1147 430 1280 487 κατὰ
1313 429 1504 502 χθόνα.

274 533 402 579 εισι).
429 533 547 577 mor.
576 531 662 589 46,
694 532 736 576 1.

904 607 1010 660 694

836 697 918 753 εἷα
953 695 1037 768 δή,
1070 702 1234 768 φίλον
1265 693 1447 766 ξύλον,

337 784 514 855 ἔγειρέ
540 805 629 854 μοι
661 781 857 838 σεαυτὸ
889 782 978 836 καὶ
1010 787 1203 852 γίγνου
1233 778 1435 850 θρασύ.

274 893 399 940 Eust.
427 894 473 939 11.
502 909 545 953 p.
577 893 690 951 107,
723 892 811 939 30:
865 886 1001 949 φέρει
1041 886 1091 937 δὲ
1125 885 1207 935 καὶ
1244 891 1480 950 (Georgius
1517 884 1756 946 Choerob.)

168 961 342 1026 χρῆσιν
367 962 451 1022 τῆς
479 960 642 1020 λέξεως
672 954 782 1024 (εἶα)
808 977 857 1005 κε
842 958 1060 1021 ειμένην,
1098 958 1240 1046 φησῒί,
1276 974 1374 1017 παρ
1389 951 1726 1020 Ἐὐοιπίὸῃ’
1705 971 1756 1001 εν

171 1034 325 1079 Συλεῖ
343 1026 566 1092 ταύτην
582 1033 655 1077 εῑα
680 1057 749 1064 —
773 1024 964 1090 θρασύ’
972 1066 981 1076 .
1010 1032 1139 1077 verba
1167 1031 1241 1075 εἶα
1277 1054 1340 1062 ——
1368 1022 1541 1074 σεαυτό
1567 1029 1757 1073 afferunt

171 1105 262 1150 loh.
290 1103 409 1149 Alex.
438 1105 490 1148 de
517 1111 682 1149 accent.
719 1117 763 1162 p
792 1101 882 1159 25,
911 1101 938 1147 7
977 1108 1022 1147 et
1048 1102 1186 1161 Ειμῃ
1214 1101 1266 1145 M.
1302 1115 1345 1160 p.
1376 1099 1502 1157 294,
1530 1099 1609 1145 46.
1661 1111 1756 1141 ver-

172 1189 268 1219 sun]
298 1174 326 1218 2
352 1174 619 1234 Apollonius
646 1173 698 1217 de
725 1187 854 1231 pron.
882 1186 922 1231 p.
947 1171 1010 1217 93
1043 1171 1086 1215 C.
1145 1186 1204 1215 v.s
1236 1171 1260 1215 1
1292 1167 1434 1228 φίλον
1474 1167 1682 1216 om.10h.
1713 1173 1758 1212 et

171 1243 314 1319 Etym.
337 1243 388 1288 M.
412 1235 582 1305 ξύλω]
611 1243 722 1287 alios
748 1235 894 1286 τύλον
919 1241 1084 1301 legisse
1107 1241 1236 1286 docet
1252 1240 1519 1300 Hesychlus
1546 1229 1755 1282 τύλον·

171 1302 224 1359 τὸ
259 1308 458 1356 αἰδοῖον.
517 1310 566 1356 οἰ
605 1306 655 1357 δὲ
698 1305 898 1366 ξύλον.
950 1312 1142 1357 sortasse
1185 1311 1272 1356 hue
1313 1309 1495 1369 respicit
1538 1308 1759 1353 Lucienus

172 1383 294 1428 Asin.
323 1382 352 1428 5
379 1383 464 1428 vol.
494 1382 522 1426 2
558 1397 601 1441 p.
631 1381 754 1427 572:
792 1373 878 1442 α’γε
906 1370 966 1439 δη
992 1393 1050 1425 συ
1077 1395 1101 1423 0
1129 1372 1331 1453 φάσκων
1357 1373 1619 1437 ἐπιθυμεῖν
1645 1371 1757 1420 ταύ-

172 1467 257 1511 της
281 1449 367 1510 τῆς
392 1443 669 1512 παοαδόξου
695 1441 840 1509 θέας,
866 1446 1017 1511 ἔγειοέ
1040 1463 1122 1509 μοι
1146 1438 1348 1495 σεαυτὸν
1374 1443 1458 1493 καὶ
1483 1443 1656 1507 τέχνην
1682 1437 1759 1491 εύ-

172 1533 308 1585 ρισκε
334 1513 512 1582 σοφήν.
564 1521 621 1567 es.
650 1520 832 1567 Sueton.
861 1521 960 1566 Ner.
988 1535 1025 1566 e.
1053 1520 1142 1567 49:
1179 1509 1260 1581 ἄγ’
1292 1515 1364 1580 ἔγ
1351 1533 1444 1579 ιρε
1471 1529 1521 1563 σε
1524 1510 1691 1564 αυτόν.

920 1641 1023 1693 695

343 1735 640 1803 βαυβῶμεν
673 1728 1040 1795 εἰσελθόντες·
1075 1727 1375 1803 ἀπόμορξαι
1406 1731 1573 1786 σέθεν

341 1815 407 1872 τὰ
439 1813 663 1887 δάκρυα.

279 1928 466 1972 Antiatt.
494 1942 539 1986 p.
567 1926 649 1984 85,
680 1927 766 1971 11:
805 1924 1021 1987 βαυβᾶν·
1048 1916 1156 1970 ἀντὶ
1184 1922 1271 1970 τοῦ
1296 1915 1575 1969 καθεύδειν.
1612 1913 1761 1979 Εὔρι-

176 1992 323 2056 πίὸης
349 1997 500 2042 Συλεῐ
522 1993 806 2056 ’βαυβῶμεν
830 2022 902 2029 —
927 1989 1160 2056 ὁοίκρυα’.

823 2133 1107 2175 ΤΕΝΝΗΣ

281 2222 603 2279 Argumentum
640 2221 814 2267 fabulae
840 2220 1031 2266 sortasse
1062 2220 1116 2265 iis
1153 2222 1409 2265 continetur
1453 2232 1565 2279 quae
1611 2217 1762 2277 prodit

175 2291 328 2336 Conon
352 2291 497 2336 Photii
521 2290 633 2339 Bihl.
658 2305 702 2350 p.
731 2290 869 2337 135b
898 2290 977 2336 19.
1026 2291 1221 2349 spuriam
1248 2290 1362 2334 hanc
1387 2288 1577 2334 fabulam
1605 2289 1763 2333 veteri·

175 2360 260 2406 bus
287 2363 421 2405 visam
456 2360 595 2405 fuisse
631 2367 809 2406 constat
844 2375 867 2405 e
895 2360 991 2404 Vita
1017 2360 1118 2404 Eur.
1156 2373 1200 2418 p.
1230 2359 1346 2416 135,
1375 2358 1438 2404 32
1477 2357 1592 2416 (vide
1629 2372 1764 2417 supra

173 2444 220 2491 p.
251 2429 381 2489 159).
407 2429 604 2476 fortasse
630 2430 717 2476 hue
742 2430 1025 2475 referendum
1054 2436 1119 2473 est
1146 2428 1200 2472 fr.
1231 2427 1346 2475 746.

343 2649 470 2698 (peu,

343 2708 511 2766 οὐδὲν
544 2707 759 2766 δίκαιόν
791 2712 937 2764 ἐστιν
968 2711 1028 2765 ἐν
1058 2711 1131 2784 τῷ
1161 2710 1268 2767 νῦν
1296 2710 1457 2780 γε’νει.

282 2805 403 2852 Stob.
428 2807 550 2853 Flor.
581 2808 628 2866 2,
657 2807 744 2853 17:
785 2803 873 2850 τοῦ
897 2795 1052 2850 αὐτοῦ
1081 2800 1240 2865 Τέννη
1268 2803 1346 2865 (sie
1371 2806 1427 2865 M,
1454 2799 1566 2850 τένῦ
1584 2805 1636 2864 A,
1667 2804 1764 2863 Τη-

174 2869 307 2940 μένῳ
333 2876 421 2922 duo
447 2876 644 2923 Schowii
670 2875 804 2935 eod.).
856 2872 980 2934 εφεῦ
1016 2901 1081 2907 -
1108 2871 1281 2936 γένει’.
