2077 3139
686 98 1226 142 ΒΕΛΛΕΡΟΦΟΝΤΗΣ
1677 93 1745 146 69

162 235 253 289 νόν
286 244 606 291 κατοπτεῦσαι
600 239 669 321 *)
700 270 763 276 -
799 232 885 288 τὸν
922 238 972 288 δὲ
1011 239 1107 286 Δία
1141 238 1411 301 μηνίσαντα
1445 232 1686 301 οἷστρον’
1664 254 1743 299 εμ-

160 312 327 375 βαλεῖν
359 314 428 379 τῷ
466 307 706 397 Πηγάσῳ
725 305 840 359 ὥστε
874 308 1092 358 ἐκπεσεῖν
1128 306 1216 370 μὲν
1240 302 1324 355 τὸν
1350 304 1745 368 Βελλεροφόντην

161 381 244 428 καὶ
271 383 626 444 κατενεχθῆναι
662 380 727 438 εἰς
759 374 812 428 τὸ
848 381 933 442 τῆς
958 379 1149 436 Λυκίας
1185 377 1355 425 πεδίον
1389 373 1442 426 τὸ
1475 371 1561 424 ἀπ’
1593 370 1745 424 αυτοῦ

162 448 464 515 καλούμενον
493 446 689 512 Ἀλήιον
714 450 904 507 πεδί,ον
942 445 1157 498 ἆλᾶσθαι
1184 446 1235 496 δὲ
1268 440 1390 494 κατὰ
1415 449 1555 494 τοῦτο
1580 465 1741 509 πηρω-

160 520 327 570 θέντα.
397 526 579 571 heroem
614 524 819 569 claudum
857 531 900 568 et
935 523 1111 567 sordida
1155 529 1276 566 veste
1323 520 1525 565 indutum
1569 521 1745 580 saepius

162 595 276 639 ridet
300 596 645 655 Aristophanes
683 595 738 638 cf.
767 593 865 638 Pae.
897 593 1018 638 135:
1055 587 1200 651 ἐχρῆν
1233 602 1284 634 σε
1311 583 1547 650 Πηγάσου
1586 587 1745 645 ζεῦξαι

161 658 363 722 πτερόν,
398 657 528 719 ὁπως
562 658 767 721 ἐφαίνου
799 663 900 717 τοῖς
942 663 1080 716 θεοῖς
1121 652 1510 728 τραγικώτερος.
1541 666 1584 704 et
1625 661 1746 706 146.

162 729 319 778 ἐκεῖνο
344 728 500 792 τήρει,
535 749 602 793 μη
627 727 826 792 σφαλεὶς
860 729 1138 807 καταρρυῇς
1171 726 1428 784 ἐντεῦθεν,
1466 721 1566 773 εἶτα
1599 718 1747 788 χωλὸς

164 819 233 849 ων
276 794 525 867 Εὐριπίδῃ
577 796 722 863 λόγον
764 793 1012 864 παράσχῃς
1054 797 1136 845 καὶ
1178 796 1424 861 τραγῳδία
1463 795 1597 877 γένη.
1671 799 1746 844 ubi

162 873 306 919 Schol.
336 889 396 919 vs.
428 874 548 920 136:
577 869 836 917 αἰνίττεται
865 867 915 917 δὲ
941 868 1007 926 εἰς
1032 861 1116 915 τὸν
1142 863 1380 931 Πήγασον
1407 885 1490 914 και
1517 883 1600 913 τον
1629 869 1747 913 Βελ-

164 936 465 1003 λεροφόντην
492 933 782 1025 Ευριπ-ίδου.
849 941 998 987 Schol.
1026 942 1132 987 Ven.
1162 957 1223 986 vs.
1254 941 1377 986 147:
1407 936 1532 1013 λέγει
1560 933 1611 984 δὲ
1637 953 1747 998 περι

165 1005 470 1072 Φιλοκτήτου
507 1010 589 1057 καὶ
623 1004 1034 1072 Βελλεροφόντου.
1084 1016 1157 1057 Ar.
1184 1013 1291 1057 Ach.
1319 1010 1444 1057 426:
1482 998 1584 1053 αλλ’
1626 1000 1657 1066 ἠ
1692 1024 1751 1052 τα

164 1079 375 1142 δυσπινῆ
408 1082 569 1137 θέλεις
604 1074 895 1141 πεπλώματα
930 1073 960 1126 ὁὶ
988 1074 1388 1155 Βελλεροφόντης
1414 1072 1499 1139 εἶχ’
1540 1071 1565 1124 ὁ
1602 1069 1750 1138 χωλὸς

164 1144 352 1208 οὖτοσίς
380 1155 452 1199 ubi
477 1153 677 1199 Scholia:
705 1146 925 1212 εἰσηγαγε
951 1165 1042 1211 γαρ
1070 1147 1153 1195 καὶ
1182 1149 1353 1196 τοῦτον
1374 1145 1750 1232 ,καταβληθέντα

165 1218 216 1268 ἐκ
262 1221 348 1268 τοῦ
386 1215 626 1283 Πηγάσου
671 1218 753 1267 καὶ
797 1216 1114 1280 ἐρρυπωμένα
1160 1213 1325 1280 ἱμάτια
1368 1216 1555 1278 ἔχοντα.
1621 1220 1751 1265 verba

165 1290 376 1350 δυσπινῆ
413 1286 706 1351 πεπλώματα
741 1292 1014 1352 tragoediam
1050 1294 1252 1352 sapiunt3
1293 1299 1443 1336 utrum
1479 1304 1531 1336 ex
1567 1290 1649 1334 hac
1687 1289 1749 1333 Γει-

167 1363 270 1408 bula
304 1378 358 1408 an
393 1363 570 1408 aliunde
607 1365 797 1422 repetita
834 1366 923 1407 sint
958 1364 1197 1407 nescimus.
1249 1362 1599 1406 Acharnensium
1626 1359 1752 1404 locus

165 1433 359 1478 fabulam
395 1434 497 1477 ante
534 1432 829 1492 olymp.'88,
867 1432 896 1478 3
943 1445 1100 1477 scenae
1146 1433 1427 1476 commissam
1463 1444 1563 1475 esse
1608 1429 1752 1474 docet.

165 1504 338 1562 aliquot
370 1502 496 1547 locos
534 1517 585 1547 ex
618 1503 700 1547 hac
736 1502 880 1547 sabula
921 1501 1126 1546 laudatos
1161 1501 1214 1546 ad
1250 1499 1575 1545 Stheneboeam
1613 1506 1753 1544 rettu-

167 1574 296 1617 limus
332 1572 403 1629 (sr.
433 1572 530 1618 663
561 1572 658 1619 665
689 1572 822 1629 670).
874 1572 1050 1616 Danaen
1088 1579 1130 1615 et
1165 1571 1556 1631 Bellerophontem
1591 1569 1753 1613 Seneca

165 1642 367 1688 confudit
410 1642 480 1699 (lr.
517 1639 665 1701 326),
709 1642 1020 1686 Alcmaeonem
1056 1648 1100 1685 et
1142 1640 1531 1700 Bellerophontem
1572 1638 1754 1683 Michael

168 1713 385 1772 Ephesius
411 1710 483 1769 (fr.
515 1711 612 1770 69).

911 1803 1011 1855 287

341 1891 446 1963 ἐγώ
475 1892 536 1949 τὸ
568 1893 668 1964 μὲν
701 1891 767 1964 δὴ
799 1896 1078 1965 πανταχοῦ
1109 1890 1498 1964 θρυλούμενον

334 1975 622 2045 κράτιστον
654 1976 793 2033 εἶναι
824 1978 963 2049 φημὶ
994 1974 1066 2048 μὴ
1097 1981 1270 2048 φῦναι
1301 1981 1504 2050 βροτῷ·

336 2064 574 2130 τρισσῶν
607 2060 666 2116 δὲ
695 2064 902 2132 μοιρῶν
935 2063 1165 2131 ἐγκρινῶ
1197 2064 1358 2116 νικᾶν
1387 2067 1535 2132 μίαν,

337 2142 577 2201 πλούτου
607 2167 664 2199 τε
696 2142 850 2218 χῶτῳ
882 2146 1095 2216 σπέρμα
1125 2157 1384 2214 γενναῖον
1414 2147 1593 2215 προσῇ

337 2233 529 2293 πενίας
559 2226 630 2282 τ’·
664 2225 903 2300 ἀριθμὸν
933 2227 1035 2300 γὰρ
1066 2227 1294 2284 τοσόνδε
1324 2230 1662 2299 προυθέμην.
1731 2245 1756 2284 5

336 2309 365 2366 ὁ
397 2311 498 2382 μὲν
529 2309 841 2381 ζάπλουτος,
879 2317 954 2376 εἰς
986 2315 1142 2382 γένος
1175 2308 1219 2367 δ’
1253 2308 1354 2367 οὐκ
1387 2310 1633 2383 εὐτυχής,

335 2391 495 2464 ἀλγεῖ
520 2395 619 2466 μὲν
649 2391 822 2465 άλγεῑ,
857 2394 1146 2465 παγκάλως
1178 2392 1224 2450 δ’
1259 2393 1555 2466 ἀλγύνεται

341 2475 510 2547 ὄλβου
542 2483 767 2548 διοίγων
796 2477 1050 2550 θάλαμον
1079 2477 1304 2549 ἣδιστον
1333 2487 1464 2551 χερί.

338 2564 437 2628 ἔξω
463 2561 524 2617 δὲ
547 2567 760 2632 βαίνων
789 2565 954 2618 τοῦδε
983 2562 1081 2619 τὸν
1110 2561 1280 2635 πάρος
1311 2562 1508 2635 χρόνον

280 2754 324 2806 *)
353 2751 517 2795 Pollux
545 2749 777 2809 4,1·28;ἡ
786 2771 1013 2820 μηχανη
1028 2752 1083 2798 δε
1114 2746 1261 2801 θεους
1298 2753 1378 2794 καὶ
1415 2746 1532 2804 ἥρως
1564 2767 1674 2801 τους
1709 2747 1758 2794 εἰν

168 2801 298 2904 ἐίἷὲἑ,
326 2806 728 2918 ΡΒεέ-ἐεροφόνταο
777 2803 807 2864 ἢ
859 2807 1085 2863 Περσέας.
1163 2807 1371 2852 similiter
1423 2806 1571 2850 Schol.
1618 2805 1753 2850 Clem.
