2077 3139
661 141 1032 184 FABVLARVM
1052 141 1281 184 FRAGM.
1482 154 1485 157 ’
1659 139 1764 193 259

174 273 300 341 ἆωρὶ
325 278 509 329 πόντου
510 273 699 355 κύματ’
729 275 893 342 ευρέος
916 282 1159 344 περῶντα·
1188 279 1270 327 καὶ
1299 275 1379 328 διὰ
1404 281 1501 329 τῶν
1528 278 1633 342 ἑξῆς
1660 279 1763 329 ἔπι·

177 357 296 418 τιμᾷ
327 351 476 416 λέγων
509 343 585 398 ότι
621 355 855 428 σμικραῖς
886 349 1224 420 ἐπιτρέπουσιν
1257 343 1435 408 αὖτόυς
1470 348 1671 398 ἐλπίσιν.
1724 343 1764 399 ῶ

177 439 265 468 παι
252 420 655 508 Μνησαρχίδου
681 412 890 499 ποιητῂς
915 437 1066 505 μονον
1092 413 1244 482 ἦσθα,
1271 416 1419 482 σοφὸς
1446 419 1497 470 δὲ
1523 415 1762 500 οὐδαμῶς.

178 489 292 539 οὔτε
315 485 408 553 γὰρ
434 492 586 571 πίττῃ
604 483 692 552 τὴν
710 484 880 552 ’ψυχὴν
905 488 1019 538 ου’τε
1037 490 1267 553 σχοινίοις
1292 488 1627 551 ἐπιτρέπουσιν
1651 483 1764 537 οὔτε

180 558 501 623 τριδακτυλον
526 552 702 617 αὗτους
727 557 866 627 σώζει
892 558 1038 618 ξύλον
1063 558 1325 621 πεύκινον,
1363 553 1461 608 ἀλλ’
1491 558 1766 624 ἐπέτρεψαν

177 631 362 696 βεβαίῳ
406 628 488 678 καὶ
531 624 723 695 μεγαλῳ
766 626 1033 693 πράγματι,
1077 632 1135 698 τῇ
1177 623 1311 698 τύχῃ.
1378 649 1440 679 vs.
1472 635 1498 679 1
1544 636 1764 679 incertum

181 711 330 748 utrum
356 702 482 766 περᾷ
517 719 569 747 an
596 702 760 762 περῶν
785 703 1018 762 Euripides
1054 705 1227 748 dixerit.
1278 703 1410 748 verba
1443 697 1764 759 τριδακτυλον

177 762 356 826 αὐτούς
380 767 521 836 σῴζει
546 767 692 828 ξύλον
717 764 953 817 πεύκινον
980 787 1032 818 ex
1056 774 1266 834 Euripide
1293 775 1523 833 desumpta
1551 788 1648 819 esse
1674 787 1767 819 uon

178 821 459 889 crediderim.

923 935 1028 988 914

342 1031 423 1088 τίς
454 1023 655 1096 τούμὸν
684 1022 854 1097 ὄνομα
883 1024 1332 1083 τούπονείὸιστον
1361 1033 1578 1098 βροτοῖς

342 1107 446 1164 οὐκ
474 1108 599 1164 οἶδα
629 1115 842 1180 Λαμίας
871 1113 966 1180 τῆς
995 1113 1330 1181 Λιβυστικῆς
1358 1114 1544 1181 γένος;

281 1220 401 1264 Diod.
439 1219 524 1266 Sic.
561 1220 652 1276 20,
686 1219 781 1293 41:
827 1209 899 1263 ότι
947 1215 998 1265 δὲ
1031 1235 1153 1264 κατα
1195 1211 1286 1281 τὴν
1323 1214 1524 1297 Λιβύην
1568 1216 1766 1281 γέγονεν

175 1279 298 1347 αὕτη
325 1289 508 1347 (Lamia)
543 1284 627 1332 καὶ
652 1278 738 1333 τὸν
761 1285 1043 1383 Εὐριπίδην
1070 1288 1220 1346 δείξαι
1255 1307 1326 1346 τις
1362 1307 1426 1335 αν
1461 1288 1764 1369 μαρτυροῦν-

175 1371 258 1402 τα·
296 1353 419 1418 λέγει
456 1373 551 1420 γαρ
587 1357 702 1435 ‘x'Umg-
711 1384 771 1391 —-
800 1356 983 1435 γένος’.
1029 1375 1092 1406 vs.
1135 1362 1161 1405 1
1198 1353 1412 1419 τούνομα
1444 1351 1495 1405 τὸ
1529 1356 1764 1405 ε’πονείὸι-

175 1440 289 1472 στον
314 1428 452 1486 libri,-
448 1419 651 1487 τούμὸν
676 1420 832 1487 ὄνομα
858 1418 1252 1477 τουπονείόιστον
1276 1431 1542 1485 Meiuekius,
1570 1420 1761 1488 τοῦνομ’

173 1487 295 1542 αὐτὸ
320 1489 926 1545 τούπ.Α1633ιι(1ῐ·ο.]οοιιε
963 1502 1015 1545 ad
1042 1502 1235 1546 Lamiam
1272 1502 1439 1547 relatus
1467 1510 1561 1560 est,
1596 1500 1651 1547 de
1679 1515 1766 1561 qua

175 1567 323 1613 fabula
350 1569 541 1614 diximus
565 1583 610 1629 p.
642 1570 665 1613 1
675 1569 754 1614 2⁶6.

925 1689 1028 1742 915

340 1775 442 1834 οὐκ
474 1781 767 1850 ἐγγυῶμαι,
801 1784 997 1850 ζημίαν
1025 1779 1342 1852 φιλεγγύωυ
1661 1848 1668 1858 Ι

341 1867 589 1917 σκοπῶν·
621 1860 687 1918 τὰ
718 1871 912 1919 Πυθοῖ
938 1868 971 1918 6
980 1859 992 1878 ⁹
1025 1861 1128 1919 οὐκ
1160 1868 1221 1939 §'ch
1249 1889 1315 1937 με
1345 1865 1646 1940 γράμματα.

277 1973 397 2017 Diod.
433 1974 518 2018 Sic
558 1987 648 2019 exc.
678 1973 772 2018 Vat.
799 1989 844 2032 p.
872 1974 939 2021 20
964 1976 1016 2020 de
1049 1976 1341 2052 proverbio‘
1355 1971 1520 2039 ἐγγύα,
1547 1972 1682 2038 πάρα
1711 1968 1760 2023 δ’

172 2030 293 2086 ατα’
332 2043 584 2102 disputans:
621 2038 704 2087 καὶ
739 2037 1017 2102 Εὐριπίδης
1063 2034 1183 2090 εοὐκ
1226 2041 1474 2107 ἐγγυῶμαι
1506 2074 1575 2082 —-
1610 2042 1762 2111 γράμ-

171 2110 341 2168 ματαῆ
408 2127 469 2157 vs.
498 2114 524 2158 1
553 2127 621 2172 sq.
659 2110 835 2173 ζημίαν
870 2115 978 2171 <pale
961 2108 1147 2175 εγγύων
1182 2115 1380 2162 σκοπῶν
1416 2119 1761 2178 Herwerdenus,

172 2177 318 2239 ζημία
344 2177 608 2243 φιλέγγυον
635 2185 837 2228 σκοπεῖν
863 2186 959 2230 cod.
1010 2201 1070 2230 vs
1101 2185 1130 2231 2
1156 2201 1214 2245 με
1242 2187 1466 2244 Matthiae,
1493 2204 1551 2232 τα
1576 2191 1676 2235 cod.

922 2333 1024 2386 916

336 2418 411 2491 μή
440 2443 530 2492 μοι
561 2425 774 2477 λεπτῶν
804 2431 1040 2493 θίγγανε
1069 2422 1290 2496 μύθων,
1324 2424 1495 2498 ψυχή’

336 2510 394 2558 τί
418 2503 651 2574 περισσοὶ
681 2520 933 2576 φρονεῐς;
967 2513 1015 2562 εἰ
1043 2507 1116 2579 μὴ
1145 2511 1357 2580 μέλλεις

338 2586 712 2659 σεμνύνεσθαι
743 2588 871 2660 παρ’
910 2589 1128 2661 ὁμοίοις.

271 2685 451 2758 Dionys.
481 2684 525 2729 C.
554 2685 603 2730 V.
631 2699 668 2729 e.
695 2685 726 2730 4
755 2687 838 2731 vol.
868 2686 897 2732 5
926 2702 969 2746 p.
997 2687 1060 2734 25
1089 2688 1151 2749 (p.
1178 2689 1244 2735 54
1271 2690 1484 2749 Schaef.)·
1512 2689 1670 2746 καλῶς
1695 2677 1759 2736 o'c'v

168 2765 267 2810 εχοι
301 2768 360 2796 τα
386 2744 674 2809 Εὐριπίδεια
712 2753 862 2799 ταῦτα
897 2750 1174 2818 ἐπενεγκεῖν
1213 2754 1310 2817 εμή
1332 2774 1414 2818 μοι
1442 2787 1502 2793 -
1532 2751 1754 2820 ὁμοιόιςζ

169 2835 229 2868 vs.
261 2823 287 2867 1
315 2818 478 2900 ψυχή]
514 2825 632 2869 delet
656 2825 742 2870 hoc
767 2827 1032 2872 vocabulum
1058 2829 1338 2890 Bernhardy,
1372 2823 1470 2889 μή
1464 2844 1546 2875 ιιοι
1573 2855 1636 2864 -—
1664 2825 1755 2891 μύ-

165 2891 293 2949 θων,
321 2885 394 2952 μή
419 2907 519 2954 μοι,
545 2902 682 2954 ψυχη
707 2897 951 2956 proposuit
976 2897 1227 2943 ElmsleiuS.

1339 2977 1423 3019 17*
