2077 3139
358 124 457 176 130
975 125 1360 170 MEAANmnH

354 281 516 328 ματος.
565 263 908 328 περιερχομὲνη
943 261 1036 329 γὰρ
1071 259 1231 322 ποὶσας
1266 264 1420 323 αἰτίας
1453 266 1542 314 τοῦ
1577 266 1730 316 σῶσαι
1753 259 1812 316 τᾶ
1837 285 1947 316 παι-

357 334 436 383 δία
462 333 639 398 λέγει(
654 334 700 383 εἰ
721 333 773 384 δὲ
797 334 1047 397 παρθένος
1082 339 1331 396 φθαρεῖσα
1358 333 1558 398 ἐξέθηκε
1582 334 1642 384 τὰ
1666 337 1838 386 παιδία
1863 357 1946 386 και

354 403 640 469 φοβουμέτη
673 397 760 454 τὸν
783 398 1090 468 πατέρα,σὺ
1118 402 1275 466 φόνον
1310 404 1558 487 690265135'
1598 411 1807 457 similiter
1830 413 1946 457 idem

355 479 568 538 Rhet.8‚
599 478 664 524 10
688 479 773 524 vol.
802 479 831 525 5
860 494 902 537 p.
930 479 1032 526 300
1059 493 1153 538 sq.:
1190 469 1511 539 Εὐριπίδης
1490 494 1515 524 ο
1542 476 1746 543 ποιητὴς
1773 476 1826 526 ἐν
1850 472 1947 545 όλῳ

356 541 566 607 δράματι
591 538 738 625 λόγον
765 544 1173 621 ἐσχηματισμένον
1199 545 1442 607 περαίνει,
1477 545 1528 594 ἐν
1554 548 1613 613 τῇ
1641 548 1948 626 Μελανίππῃ

355 616 415 681 τῇ
448 621 593 681 σοφῆ.
645 609 793 663 κᾶκεῑ
820 615 873 664 δὲ
908 608 960 663 τὸ
996 616 1155 678 σχῆμα
1195 615 1427 677 διπλοῦν,
1467 612 1519 665 τὸ
1552 616 1640 682 μὲν
1677 611 1830 667 αὐτοῦ
1862 619 1948 665 τοῦ

356 687 589 748 ποιητοῦ,
626 683 679 735 τὸ
710 683 760 734 δὲ
785 687 871 734 τοῦ
905 683 1057 733 {moze
1044 685 1232 749 ιμέιου
1258 683 1517 750 προσώπου
1534 706 1660 749 ,της
1688 689 1946 737 Μελανίπ-

355 774 451 817 πης
486 754 580 805 mg.
642 760 787 804 exitus
822 758 999 805 fabulae
1036 762 1294 805 continetur
1332 762 1387 806 iis
1427 775 1539 820 quae
1576 761 1712 806 tradit
1746 761 1947 822 Hyginus

357 831 445 875 sab.
488 830 608 876 186:
645 830 952 889 Menalippen
989 835 1271 876 excaecavit
1308 828 1466 890 (pater)
1507 838 1550 876 et
1584 834 1631 876 in
1667 836 1948 878 munimento

357 902 604 946 concluszt.
655 900 771 945 hanc
795 900 988 945 fabulam
1014 901 1197 960 respicit
1224 902 1435 946 Tatianus
1462 902 1531 947 01.
1562 902 1612 946 ad
1650 901 1724 946 Gr.
1745 917 1785 948 c.
1801 902 1865 948 33
1902 917 1948 961 p.

358 970 481 1017 132:
521 966 825 1028 Μελανίππη
859 984 930 1023 τις
955 985 1018 1028 ην
1055 981 1209 1028 σοφη·
1250 960 1331 1014 δια
1357 969 1500 1015 τοῦτο
1527 985 1710 1029 ταυτην
1735 961 1760 1015 ὃ
1789 968 1946 1016 Λυσί-

355 1051 556 1095 στρατος
592 1034 988 1117 ἐδημιούργησεν.
1054 1042 1159 1085 item
1198 1049 1246 1085 ut
1291 1042 1463 1086 videtur
1497 1043 1570 1086 Ar.
1609 1042 1782 1086 Thesm.
1821 1041 1946 1088 547:

356 1105 577 1168 ἐπίτηδες
603 1100 845 1169 εὑρίσκων
871 1102 1064 1169 λόγους.
1091 1100 1216 1154 όπου
1240 1100 1365 1170 γυνὴ
1393 1124 1584 1169 πονηρα
1611 1105 1813 1170 ἐγέιετο,
1841 1109 1948 1156 Με·

357 1179 599 1235 λαιίππας
637 1177 795 1224 ποιῶν
825 1175 1046 1238 Φαίδρας
1080 1194 1144 1226 τε.
1194 1180 1377 1226 Nonnus
1404 1181 1580 1241 Dionys.
1610 1181 1668 1239 8,
1705 1181 1830 1229 236:
1866 1176 1949 1225 καὶ

356 1248 409 1297 σὲ
438 1248 594 1311 σοφῆς
620 1247 771 1311 προβ
758 1246 959 1312 ’βουλεν
984 1240 1266 1311 αειδομένης
1292 1247 1640 1311 ΙἉελανίππης.

1105 1385 1208 1438 483

528 1476 667 1543 Ζεὺς
699 1495 844 1542 οστις
875 1473 904 1532 ὁ
935 1475 1092 1546 Ζεύς,
1125 1472 1190 1532 οὐ
1222 1475 1324 1546 γὰρ
1355 1475 1480 1532 οἶδα
1511 1475 1655 1547 πλὴν
1685 1473 1828 1551 λόγῳ

460 1573 641 1620 Lucian
677 1575 766 1620 lov.
806 1582 918 1634 trag.
945 1574 1010 1619 41
1049 1573 1193 1619 (01.2
1230 1589 1273 1634 p.
1303 1574 1425 1621 689:
1471 1568 1574 1618 ἐπεὶ
1610 1562 1731 1618 καθ’
1773 1568 1952 1617 εαυτόν

355 1633 545 1690 ὁπόταν
571 1636 597 1689 ὁ
623 1610 900 1705 Εὐριπίδης
926 1638 1046 1703 μηδὲ
1053 1660 1077 1686 ν
1103 1635 1390 1705 ἐπειγούσης
1416 1647 1501 1701 τῆς
1528 1643 1686 1703 χρείας
1709 1641 1806 1687 τῶν
1834 1639 1948 1703 δρα-

357 1708 521 1774 μάτων
546 1730 606 1759 τα
631 1710 872 1759 δοκοῦντά
897 1711 951 1758 οἱ
969 1709 1341 1778 1έγῃ,ά’κουσον
1367 1704 1519 1759 αὐτοῦ
1543 1709 1652 1760 τότε
1677 1725 1949 1773 παρρησια-

358 1782 618 1844 ζομένου
630 1781 748 1849 ὁρᾷς
792 1775 877 1829 τὸν
915 1776 1058 1879 ὑψοῦ1
1093 1811 1156 1817 -
1193 1780 1345 1830 θεόν’
1395 1784 1464 1847 (fr.
1514 1780 1631 1845 935)
1678 1778 1760 1827 καὶ
1802 1776 1952 1827 πάλιν

357 1848 508 1910 εΖει“ς
532 1847 662 1911 ὅστις
690 1881 753 1888 -
783 1850 866 1915 λόγ
856 1856 938 1920 (ρ’
980 1850 1062 1899 καὶ
1097 1871 1155 1900 τα
1191 1853 1402 1900 τοιαῦτα.
1455 1856 1650 1900 Iustinus
1686 1854 1740 1898 M.
1770 1854 1822 1899 de
1857 1867 1950 1899 mo·

358 1927 539 1972 narchia
569 1941 605 1972 e.
632 1928 688 1973 5:
727 1920 780 1970 ἕν
809 1922 974 1989 Φρίξῳ
1008 1916 1032 1969 ὁ
1070 1920 1297 1987 τραγικός
1320 1951 1392 1957 -—
1417 1919 1469 1970 ἐν
1498 1916 1780 1988 Φιλοκτήτῃ
1804 1949 1876 1956 -
1900 1918 1952 1967 ἐν

352 1990 540 2060 Ἑκάβῃ
567 1987 760 2050 (Ζευς
745 1988 876 2050 όστις
899 1991 1170 2072 -λόγῳ’.
1222 1997 1337 2041 ΡΙυῐ.
1367 1996 1472 2040 Mor.
1503 2010 1544 2054 p.
1576 1995 1673 2041 756
1702 1994 1754 2039 C:
1799 1981 1950 2039 ἄκου’-

357 2081 426 2121 εις
462 2061 514 2111 δὲ
549 2059 706 2124 δηπου
744 2058 831 2111 τὸν
872 2056 1148 2127 Εὐριπίδην
1190 2057 1252 2119 ὡς
1299 2060 1589 2125 ἐθορυβηθη
1625 2075 1954 2126 ποιησαμενος

355 2130 514 2195 αρχὴν
541 2151 625 2194 της
653 2133 983 2194 Μελανίππης
1010 2128 1162 2190 εΖευς
1187 2126 1305 2211 γὰρ
1307 2127 1416 2180 οἶδα
1441 2126 1571 2193 πλην
1594 2127 1770 2212 λόγῳ’.
1809 2149 1950 2195 μετα-

357 2198 526 2266 λαβών
553 2201 603 2251 δὲ
630 2196 771 2266 χορὸν
798 2197 945 2251 ἄλλον
970 2231 1040 2239 -
1065 2198 1236 2264 ἤλλαξε
1264 2194 1345 2250 τὸν
1372 2203 1535 2266 στίχον
1573 2221 1636 2260 ως
1662 2207 1756 2249 νῦν
1781 2200 1950 2266 γέγρα-

358 2293 473 2321 πται
517 2277 608 2321 ‘Ze
589 2270 669 2331 εὺς
712 2292 781 2331 ως
812 2302 883 2310 -
916 2268 1043 2321 v'no'
1094 2275 1165 2337 (fr.
1206 2274 1347 2351 484).
1416 2278 1601 2336 respicit
1641 2277 1950 2335 Athenagoras

357 2348 511 2406 Legat.
540 2362 620 2406 pro
649 2347 810 2392 Christ.
839 2362 874 2393 c.
904 2347 933 2393 5
963 2362 1002 2406 p.
1034 2346 1099 2391 ‘24
1128 2344 1266 2404 Ζῆνα
1289 2362 1384 2407 γαρ
1412 2337 1540 2401 όστις
1566 2341 1665 2390 εστὶ
1692 2336 1832 2404 Ζεύς,
1860 2357 1951 2389 οικ

358 2384 468 2461 οἷὸῦοι
502 2409 634 2474 πλὴν
673 2411 814 2496 λόγῳ.
864 2418 922 2463 cf
952 2418 1053 2462 Eur.
1086 2417 1211 2464 Herc.
1241 2418 1287 2462 F.
1327 2417 1484 2464 1263:
1525 2408 1648 2471 Ζεύς
1685 2406 1728 2458 δ’
1760 2406 1889 2470 ὅστις
1924 2405 1951 2459 ὁ

358 2488 419 2532 Ζε
427 2477 480 2542 ὑς
507 2481 740 2546 πολέμιόν
765 2476 814 2546 μ’
848 2481 1076 2548 ἐγείνατο.

1109 2623 1215 2674 484

528 2710 684 2782 Ζεύς,
719 2707 792 2777 ὠς
824 2713 1069 2768 λέλεκται
1099 2715 1192 2782 τῆς
1224 2708 1488 2783 ἀληθείας
1519 2707 1647 2782 ῧπο,

513 2793 724 2867 ”Ελλην’
761 2802 968 2852 ἔτικτεν

463 2894 594 2953 Greg.
625 2893 721 2939 Cor.
745 2893 872 2939 Rhet.
902 2893 985 2938 vol.
1003 2894 1030 2940 7
1057 2909 1101 2954 p.
1122 2894 1277 2940 1312:
1305 2886 1388 2937 καὶ
1416 2883 1693 2954 Εὐριπίδης
1721 2881 1959 2947 ςΖεῦς--ι
