2077 3139
733 139 1140 182 ΦΙΛΟΚΤΗΤΗΣ
1515 163 1518 167 ·
1622 136 1725 188 219

139 275 344 328 σάντων.
409 282 557 329 ΦΙΛ.
591 272 775 340 πόθεν;
811 276 917 328 εἰπὲ
951 275 1123 338 πάλιν,
1162 273 1229 337 ὥς
1263 278 1378 327 εἰδῶ
1411 277 1720 342 σαφέστερον.

145 352 248 398 OA.
276 344 459 398 οὐκοῦν
486 349 554 397 ἔτι
580 345 805 409 δεύτερον
831 342 1049 406 ἀκούεις·
1087 349 1186 396 τῶν
1213 342 1289 396 ἐπ’
1322 343 1477 398 Ἴλιον
1502 363 1721 410 στρατευ-

142 416 333 468 σάντων
368 415 577 484 Ἀχαιῶν
612 414 736 467 εἶναι
771 420 909 481 φημί.
972 421 1119 467 ΦΙΛ.
1158 419 1316 476 καλῶς
1359 419 1480 496 δητα
1523 418 1723 480 ἔφησθα

142 482 253 552 ε’μὸς
278 484 403 538 εἶναι
428 485 628 550 φίλος,“
605 486 752 536 οπότε
776 506 829 552 γε
855 489 952 535 τῶν
979 486 1082 550 ἐμοὶ
1108 485 1474 567 πολεμιωτάτων
1493 482 1722 552 Ἀργείων

140 558 377 621 πέφηνας
426 553 613 608 τούτων
636 554 711 635 δη
746 560 830 619 τῆς
855 552 1045 615 ἀδικίας
1077 550 1253 606 αὐτίκα
1278 557 1408 619 μάλα
1443 554 1504 606 σὺ
1530 557 1722 620 υῳέξεις

141 628 296 690 δίκην.
351 629 455 676 OA.
490 620 594 674 ἀλλ’
626 647 663 675 ω
686 625 809 691 πρὸς
833 629 996 688 θεῶν,
1036 624 1222 704 ἐπίσχες
1256 622 1459 689 ἀφεῖναι
1483 621 1535 674 τὸ
1568 627 1722 688 βέλος.

143 701 293 747 ΦΙΛ.
319 691 376 745 οὗ
403 690 636 759 δυνατόν,
664 697 798 761 εἴπερ
816 692 1001 759 “Eunu
1028 715 1095 743 ων
1120 695 1397 779 τυγχάνεις,
1433 690 1488 746 τὸ
1511 692 1576 760 μή
1602 715 1720 745 απο-

141 766 341 816 λωλέναι
378 780 431 815 σε
467 764 519 815 ἐν
554 733 668 834 τῆδε
701 768 760 833 τῇ
782 762 969 852 ἡμέρα.
1030 770 1078 816 8.
1115 768 1222 817 OA.
1255 761 1378 816 ἄλλα
1408 765 1637 816 πέπονθά
1669 786 1722 832 γε

138 832 223 886 ’ὑπ’
253 831 417 885 αὐτῶν
451 838 651 885 τοιαῦτα
686 835 733 896 ἐξ
767 827 833 885 ὧν
869 836 1067 894 δικαίως
1102 835 1177 884 σοὶ
1212 835 1300 899 μὲν
1335 831 1398 884 ἂν
1434 840 1574 899 φίλος
1600 839 1722 901 εἴην,

140 906 339 956 ἐκείνων
374 905 425 955 65
459 903 650 970 ἐχθρός.
704 909 853 956 ΦΙΛ.
879 905 961 954 καὶ
987 907 1035 954 τί
1066 900 1126 969 δη
1150 905 1295 957 τοῦτό
1331 906 1461 957 ἐστιν
1487 901 1513 955 ὃ
1546 909 1722 956 πέπον-

139 982 236 1035 θας
261 970 386 1025 οὕτω
411 974 645 1040 χαλεπόν;
685 978 790 1025 OA.
818 972 1018 1040 φυγαδα
1041 993 1100 1057 με
1124 972 1302 1038 ἤλασεν
1329 975 1381 1025 ἐκ
1406 978 1493 1026 τοῦ
1518 979 1722 1043 στρατοῦ

135 1043 406 1105 'O6v66563.
466 1049 614 1096 ΦΙΛ.
659 1048 705 1094 τί
739 1044 790 1095 65
834 1046 978 1110 ἕδρας
1021 1038 1100 1107 ἐφ’
1144 1041 1239 1115 ότῳ
1282 1048 1424 1110 τῆσδε
1456 1051 1538 1108 τῆς
1585 1048 1722 1111 δίκης

140 1116 323 1180 ἒ’τυχες;
363 1117 470 1166 OA.
496 1111 634 1180 οἶμαί
655 1131 704 1163 σε
742 1113 1000 1180 γινώσκειν
1035 1110 1120 1163 τὸν
1147 1106 1405 1168 Λαυπλίου
1435 1117 1587 1165 παῖδα
1615 1121 1721 1166 Πα-

137 1184 383 1250 λαμήδην·
412 1180 525 1235 οῦδὲ
550 1181 641 1250 γαρ
663 1189 761 1234 τῶν
786 1181 1106 1270 ἐπιτυχόντων
1132 1181 1245 1236 0665
1271 1184 1435 1268 ὀλίγον
1459 1185 1591 1246 ἄξιος
1612 1203 1722 1235 συν-

138 1255 270 1305 έπλει
307 1254 415 1305 οὔτε
448 1257 518 1322 τῷ
552 1271 739 1335 στρατῳ
776 1252 886 1305 οὔτε
921 1261 1020 1313 τοῖς
1052 1248 1302 1320 ἡγεμόσιν.
1350 1252 1433 1307 τὸν
1470 1252 1529 1319 δη
1566 1260 1722 1306 τοιοῦ-

137 1345 221 1374 τον
269 1318 424 1404 ἄνδρα
474 1324 499 1375 6
541 1319 706 1383 κοινὸς
756 1328 854 1375 τῶν
893 1320 1141 1388 Ἑλλήνων
1184 1323 1373 1391 λυμεών
1424 1327 1722 1407 διέφθειρεν.

141 1399 289 1446 ΦΙΛ.
313 1394 519 1461 πότερον
544 1395 597 1445 ἐκ
621 1397 709 1443 τοῦ
741 1397 960 1461 φανεροῦ
994 1391 1121 1462 μάχη
1155 1395 1397 1475 κρατήσας
1420 1390 1453 1460 ἢ
1486 1417 1604 1462 μετα
1640 1393 1722 1446 66·

139 1470 224 1513 λου
258 1463 410 1526 τινός;
471 1469 577 1515 OA.
622 1465 892 1545 προδοσίαν
931 1460 1206 1547 ε’πενεγκων
1248 1469 1336 1518 τοῦ
1376 1470 1583 1531 στρατοῦ
1623 1473 1723 1525 τοῖς

137 1536 452 1599 Πριαμίδαις.
514 1540 662 1585 ΦΙΛ.
703 1530 767 1596 ἡν
804 1535 854 1585 δὲ
895 1531 1005 1584 κατ’
1041 1530 1286 1597 ἀλήθειαν
1329 1534 1482 1596 οὕτως
1517 1539 1649 1601 ἔχον,
1691 1558 1721 1601 η

136 1605 357 1655 πέπονθε
390 1605 802 1668 κατεψευσμένος;
850 1608 957 1656 OA.
966 1608 1093 1686 πῶς
1128 1599 1171 1654 δ’
1210 1627 1270 1655 αν
1307 1609 1503 1665 δικαίως
1536 1606 1722 1687 γένοιτο

136 1677 235 1724 τῶν
268 1668 358 1724 ὑπ
400 1674 588 1725 ἐκείνου
620 1674 921 1740 γιγνομένων
955 1668 1148 1737 ὁτιοῦν;
1186 1681 1233 1728 9.
1264 1681 1411 1727 ΦΙΛ.
1452 1698 1489 1727 ω
1517 1671 1722 1741 μηδενὸς

136 1739 468 1827 ἀποσχόμενος
510 1748 606 1795 τῶν
648 1741 1022 1808 χαλεπωτατων,
1065 1746 1200 1812 λόγω
1227 1765 1276 1795 τε
1319 1747 1402 1796 καὶ
1426 1748 1564 1829 ’ἔργῳ
1598 1766 1721 1795 παν-

138 1814 396 1897 ουργότατε
422 1810 706 1880 ἀνθρώπων
727 1810 975 1877 Ὀδυσσεῦ,
1004 1812 1110 1864 οἷον
1136 1811 1199 1863 αὖ
1224 1818 1396 1866 τοῦτον
1421 1812 1577 1883 ανδρα
1600 1815 1721 1899 ἀνῄ-

138 1904 313 1949 ρηκας,
355 1881 409 1944 ὂς
441 1880 584 1936 οὐδὲν
617 1881 761 1948 ἧττον
798 1880 1036 1948 ὠφέλιμος
1070 1880 1150 1965 ἦν
1167 1891 1268 1945 τοῖς
1303 1884 1566 1952 ξυμμαχοις
1598 1883 1721 1953 ἥπερ

137 1960 269 2017 οἶμαι
297 1948 356 2004 66
382 1975 438 2004 τα
464 1952 696 2004 κάλλιστα
720 1954 804 2003 καὶ
839 1952 1096 2017 σοφώτατα
1115 1948 1426 2039 ανευρίσκων
1452 1957 1535 2006 καὶ
1560 1973 1721 2007 συντι·

136 2026 269 2083 θείς·
307 2041 462 2089 ωσπερ
488 2021 650 2090 ἀμέλει
683 2019 809 2088 κοῖμὲ
835 2024 1068 2089 ἐξέθηκας
1102 2020 1225 2091 ὑπὲρ
1250 2029 1335 2090 τῆς
1369 2033 1538 2091 κοινῆς
1571 2043 1721 2092 σωτη-

137 2095 243 2155 ρίας
269 2113 317 2142 τε
344 2095 426 2143 καὶ
453 2098 592 2159 νίκης
617 2091 942 2164 περιπεσόντα
969 2097 1081 2163 τῆδε
1106 2097 1165 2164 τῇ
1191 2099 1434 2177 ξυμφορᾷ,
1464 2095 1722 2148 δεικνύντα

138 2161 222 2212 τὸν
257 2163 458 2228 Χρύσης
491 2162 684 2231 βωμόν,
721 2164 779 2214 οῦ
814 2161 1056 2225 θύσαντες
1091 2149 1350 2247 κρατήσειν
1386 2169 1583 2232 ἔμελλον
1622 2170 1722 2218 τῶν

136 2235 405 2297 πολεμίων·
445 2237 488 2284 εἰ
513 2234 565 2285 65
598 2235 693 2315 μή,
730 2255 888 2299 ματην
923 2235 1134 2301 ἐγίγνετο
1170 2229 1202 2298 ἡ
1235 2240 1473 2300 στρατεία.
1524 2232 1646 2286 ἀλλὰ
1676 2239 1726 2287 τί

139 2298 198 2366 δὴ
225 2304 298 2352 σοὶ
326 2307 576 2367 προσῆκον
602 2325 687 2367 της
712 2303 1044 2369 Παλαμήδους
1066 2306 1236 2376 τύχηςς
1277 2314 1357 2359 1Ο.
1388 2310 1494 2357 OA.
1532 2307 1584 2357 56
1612 2309 1722 2358 ἴσθι

138 2393 210 2423 οτι
252 2373 330 2423 ἐπὶ
365 2374 553 2433 πάντας
594 2369 706 2432 τοῦς
743 2374 932 2425 ἐκείνου
978 2378 1152 2438 φίλους
1185 2370 1311 2439 ἦλθε
1347 2371 1398 2426 τὸ
1443 2372 1597 2426 κακὸν
1638 2378 1720 2427 καὶ

135 2462 314 2503 παντες
347 2438 654 2494 απολώλασιν
689 2441 820 2505 ὅστις
861 2439 927 2509 μὴ
969 2451 1142 2511 φυγεῖν
1184 2442 1436 2510 ἠδυνήθη.
1494 2443 1620 2498 οὕτω
1662 2443 1722 2511 δὴ

135 2507 271 2578 κᾶγω
321 2533 404 2577 της
443 2514 793 2600 παροιχομένης
831 2512 1009 2574 νυκτὸς
1054 2512 1345 2577 διαπλεύσας
1387 2514 1535 2581 μόνος
1579 2519 1720 2583 δεῦρο

137 2581 352 2664 ἐσώθην.
400 2581 567 2668 σχεδὸν
595 2584 688 2670 μὲν
723 2575 812 2634 οῦν
849 2585 900 2633 ἐν
934 2581 1026 2651 ὅσῃ
1049 2586 1209 2665 ἔγωγε
1243 2589 1379 2654 χρεία
1418 2588 1722 2674 καθέστηκας

136 2647 307 2712 αὐτός·
334 2654 377 2702 εἰ
399 2650 442 2702 δ’
473 2653 562 2703 οὐν
589 2655 710 2717 ἔχεις
733 2674 844 2704 τινα
866 2651 1107 2719 μηχανήν,
1133 2658 1576 2739 ξυμπροθυμηθεὶς
1600 2655 1721 2722 ἡμῖν

135 2721 244 2783 περὶ
271 2716 354 2771 τὸν
387 2725 556 2774 οἴκαδε
589 2721 846 2774 απόπλουν
881 2720 1007 2803 ἡμᾶς
1041 2744 1092 2774 τε
1117 2729 1171 2776 56
1207 2722 1486 2789 πεποιηκώς
1520 2729 1606 2796 ἔσῃ
1638 2728 1721 2777 καὶ

135 2811 235 2853 αμα
251 2786 463 2870 α’γγελον
488 2790 796 2857 ἀποπέμψεις
820 2790 943 2854 πρὸς
967 2789 1080 2854 τοῦς
1099 2799 1303 2846 σεαυτοῦ
1327 2797 1496 2846 οἴκαδε
1522 2799 1620 2847 τῶν
1644 2797 1721 2846 σοὶ

135 2857 391 2927 παρόντων
427 2866 611 2915 κακῶν.
665 2870 746 2914 11.
777 2868 925 2918 ΦΙΛ.
951 2857 1056 2914 ἄλλ’
1090 2852 1383 2930 ὠδύστηνε,
1412 2861 1533 2933 πρὸς
1560 2869 1720 2918 τοιοῦ-
