2077 3139
314 170 417 223 276
920 171 1315 214 INCERTARVM

483 319 560 379 εἰς
591 311 791 385 ἀρετὴν
822 317 1302 385 καταλυσαμένους
1331 320 1470 385 βίον.

418 411 531 456 Plut.
570 411 719 471 Comp.
757 411 911 486 Pelop.
951 420 994 456 et
1021 411 1152 456 Marc.
1190 426 1229 457 c.
1257 412 1311 458 3:
1347 402 1545 471 α’ριστον
1580 404 1669 470 μὲν
1702 400 1794 490 γὰρ
1835 428 1904 459 νι·

311 477 477 526 κῶντα
513 475 760 545 σώζεσθαι
784 471 869 525 τὸν
907 471 1201 540 στρατηγόν,
1241 477 1287 525 εἰ
1310 475 1361 526 δὲ
1385 482 1587 538 θανεῖν,
1626 477 1693 536 εἰς
1728 472 1903 542 ἀρετὴν

311 542 651 595 καταλυσαντα
677 548 801 610 βίον,
830 540 892 605 ὡς
918 547 1193 610 Ευριπίδης
1220 549 1383 611 φησίν.
1434 552 1549 597 ΡΙιιῑ.
1583 551 1688 597 Mor.
1722 567 1764 612 p.
1794 551 1902 598 241)

311 636 397 666 om.
426 637 468 681 p.
497 636 639 667 nom.:
670 618 744 666 εἰ
767 615 818 666 δὲ
847 646 909 653 -—
937 618 1089 681 βίου’.

1060 727 1162 780 985

474 825 722 874 πολλοῖσι
753 815 980 888 πολλήν,
1016 819 1098 882 δὶς
1128 814 1306 882 τόσοις
1341 816 1399 872 δὲ
1434 823 1661 873 πλείονα

410 915 526 960 Plut.
546 915 592 959 V.
622 916 778 960 Solon.
805 929 840 960 c.
862 914 952 958 22:
981 906 1260 996 Λυκούργῳ
1286 909 1368 958 καὶ
1396 905 1538 959 πόλιν
1563 911 1783 959 οἰκοῦντι
1813 930 1899 960 κα-

304 975 473 1044 θαραν
505 976 650 1046 ὄχλου
691 981 886 1041 ξενικοῦ
924 979 1007 1027 καὶ
1043 999 1213 1059 χωραν
1241 980 1519 1049 κεκτημένῳ
1557 984 1806 1029 οπολλοῖσι
1834 1011 1896 1018 -

304 1054 367 1098 πλ
373 1051 531 1098 είονα’
568 1042 678 1099 κατ’
723 1044 1031 1115 Ευριπίὸην,
1059 1049 1143 1098 καὶ
1168 1068 1220 1098 το
1247 1069 1299 1112 με
1295 1051 1472 1115 ’γιστον
1498 1050 1751 1099 εἶλωτικοῦ
1776 1049 1897 1114 πλή-

303 1125 429 1180 θους
467 1151 529 1157 -
567 1120 945 1187 περικεχυμένου
979 1121 1038 1187 τῇ
1073 1119 1438 1184 Λακεδαίμονι.
1476 1122 1636 1180 καλῶς
1669 1116 1795 1184 εἶχεν
1832 1150 1896 1159 -

301 1187 414 1250 τούς
438 1192 637 1251 πολίτας
664 1190 881 1255 συνέχειν
908 1189 958 1239 ἐν
985 1195 1085 1248 τοῖς
1111 1187 1301 1249 ὅπλοις.

1054 1329 1156 1381 986

466 1423 573 1476 αιέὶ
605 1425 974 1492 πρασίμοχθοι
1007 1415 1237 1474 κοῦποθ’
1271 1416 1463 1514 ἥσυχοι
1497 1423 1622 1487 δορί

399 1518 553 1578 Polyb.
585 1518 784 1597 5,106;
822 1508 878 1562 οὐ
909 1531 1003 1577 γαρ
1038 1506 1131 1560 οἷδ’
1172 1509 1303 1570 ὅπως
1329 1507 1381 1560 ἇε
1386 1514 1406 1559 ι’
1435 1530 1548 1560 ποτε
1575 1509 1893 1575 Πελοποννή-

295 1600 393 1635 σιοι
419 1615 481 1620 -
511 1603 634 1632 κατα
668 1579 753 1631 τὸν
789 1576 1071 1647 Ευριπίόην
1105 1584 1236 1644 ησαν
1272 1580 1364 1630 αἰεὶ
1401 1582 1736 1645 πρασίμοχθοί
1766 1601 1891 1640 τινες

295 1655 380 1704 καὶ
406 1651 580 1703 ούτοτε
614 1669 784 1740 ησυχοι
812 1653 931 1716 δορί.
984 1651 1076 1701 αἰεὶ
1113 1654 1442 1715 πρασίιιοχθοι
1470 1657 1565 1713 ΑΒ,
1602 1651 1696 1700 αἰεὶ
1723 1653 1891 1712 πρυσί-

297 1731 477 1789 μοχθοι
502 1729 631 1786 FDE,
668 1725 740 1772 αἰε
745 1722 761 1771 ὶ
788 1724 1117 1786 πλησίμοχθοι
1144 1720 1196 1770 C¹
1212 1716 1673 1787 ,αμπρευσίμοχθοι
1703 1733 1888 1787 tempta·

295 1801 421 1858 bam,
460 1791 843 1857 περισσόμοχθοι
871 1796 1219 1842 Heimsoethius.

1044 1916 1144 1968 987

463 1993 685 2065 ἀγήρων
716 1991 916 2064 ἀρετήν

399 2092 555 2137 Pollux
593 2091 649 2149 2,
689 2090 772 2135 14:
813 2106 876 2144 ως
911 2084 993 2134 καὶ
1029 2076 1321 2165 Ευριπίόης
1339 2077 1430 2145 τὴν
1471 2079 1666 2150 ἀγήρων
1708 2077 1887 2147 ἆρετην

235 2160 239 2163 ’
298 2154 514 2223 (τροφήν
541 2162 594 2206 al.
599 2158 644 2222 ),
673 2155 755 2204 καὶ
784 2154 1106 2219 Δημοσθένης
1132 2149 1272 2219 τιμὰς
1298 2146 1505 2219 ἀγήρως.

1039 2293 1141 2345 988

463 2370 602 2436 Ζεὺς
635 2372 949 2440 συγγένειος

400 2469 555 2513 Pollux
583 2469 639 2526 3,
667 2469 718 2514 5:
757 2462 838 2511 καὶ
875 2460 999 2521 Ζεύς
1033 2482 1105 2520 τις
1144 2461 1419 2526 συγγένειος
1456 2456 1480 2509 ὁ
1516 2480 1574 2509 τα
1611 2463 1694 2524 τῆς
1719 2475 1882 2525 συγγε-

298 2536 425 2592 νείας
451 2535 615 2582 δίκαια
642 2533 836 2596 ἐφορῶν
863 2527 979 2598 παρ’
1012 2527 1276 2600 Εὐριπίδῃ.

1045 2670 1147 2722 989

514 2809 521 2818 .
557 2767 714 2818 λίνου
744 2763 1028 2832 κλωστῆρα
1059 2760 1339 2831 περιφέρει
1369 2756 1555 2829 λαβών

398 2859 552 2905 Pollux
581 2860 636 2915 7,
667 2859 755 2904 31:
791 2851 1033 2915 κλωστήρ·
1073 2848 1199 2902 οὕτω
1226 2851 1385 2902 δὲκαὶ
1421 2845 1512 2913 τήν
1548 2842 1878 2915 περιστροφὴν

296 2927 382 2975 τοῦ
410 2926 545 2974 λίνου
573 2917 847 2987 Εὐριπίδης
874 2916 1121 2986 ὠνόμασεν
1147 2929 1161 2951 ‘
1182 2924 1318 2971 λίνου
1343 2951 1414 2958 -
1437 2917 1598 2985 λαβών
1612 2926 1645 2972 ’.
