2077 3139
265 125 334 178 66
970 97 1138 169 Arra
1211 133 1216 138 ·

1004 263 1110 315 280

430 341 590 410 κέρας
621 335 816 410 ορθιον

370 438 583 498 Hesych.:
620 433 763 495 κέρας
790 430 988 493 ὄρθιον·
1027 450 1058 493 η
1087 428 1250 497 νευρά.
1310 425 1583 497 Ευριπίόης
1620 433 1671 484 ὁὲ
1710 429 1857 503 Αὔγῃ

264 497 441 568 (αὐγήν
468 508 600 566 cod..)
646 507 773 553 locus
800 507 985 552 mutilus
1012 506 1197 553 xidetur.

431 688 687 760 ἀπευήσω

369 787 584 848 llesych.:
612 776 866 844 ἇπενήσω·
894 776 1147 846 ἀπέβαλες.
1199 776 1474 846 Εὐριπίδης
1499 777 1658 852 Αὔγῃ.

1005 906 1109 957 282

435 985 717 1055 διέφθειρε

369 1080 580 1140 Ilesych.:
618 1074 889 1137 διέφθειρε·
920 1075 1103 1140 διῆγεν.
1153 1071 1432 1138 Εὐριπίδης
1462 1072 1622 1143 Αὔγῃ.
1662 1074 1859 1139 (διέφερε

264 1150 441 1195 Kfister.

1013 1212 1115 1265 283

435 1287 776 1361 φιλοτραφής

369 1389 552 1432 Antiatt.
581 1403 625 1446 p.
651 1387 766 1444 116,
790 1387 843 1431 2:
871 1379 1189 1463 φιλζοτοαφής,
1220 1376 1334 1444 ὃνὴ
1361 1380 1603 1445 συνήθεια
1630 1380 1856 1447 φιλότοο-

266 1471 362 1515 φον
389 1453 528 1517 λέγει.
580 1445 853 1516 Ευριπίόης
879 1449 1038 1519 Αὐγῇ.

620 1606 1062 1647 ΑΤΤΟΛΤΚΟΣ
1094 1608 1131 1646 Σ
1143 1607 1508 1647 ΑΤΤΡΙΚΟΣ

374 1695 558 1740 Tzetzes
593 1701 833 1762 postquam
869 1695 921 1739 de
947 1695 1151 1754 Autolyci
1186 1695 1318 1740 furtis
1351 1696 1570 1752 narravit,
1607 1695 1715 1740 haec
1740 1695 1860 1740 addit

269 1765 379 1810 Chil.
408 1765 466 1821 8,
494 1765 617 1810 459:
655 1757 706 1806 ἐν
731 1753 1003 1839 Αυτοὶύκῳ
1042 1757 1250 1825 ὁράματι
1285 1762 1533 1826 σατυρικῷ
1567 1754 1625 1808 τὰ
1650 1758 1808 1808 πάντα
1832 1754 1857 1808 ὁ

269 1825 548 1892 Ευριπίὸης
583 1824 800 1893 ἀκριβῶς
834 1850 891 1878 τα
925 1830 1035 1891 περὶ
1071 1827 1244 1879 τούτου
1277 1827 1468 1895 γράφει.
1519 1835 1572 1880 de
1599 1842 1859 1894 argumento

266 1921 308 1950 v.
339 1906 499 1964 llvgin.
530 1905 612 1949 sab.
653 1903 776 1950 201:
813 1904 1088 1950 Mercurius
1121 1907 1373 1964 Autolyco,
1414 1918 1478 1951 ex
1515 1905 1688 1950 Chione
1724 1919 1859 1964 quem

261 1981 639 2034 procreaverat,
677 1978 862 2019 muneri
894 1977 1019 2020 dedit
1057 1981 1104 2020 ut
1134 1977 1476 2034 furacissimus
1512 1982 1634 2020 esset
1667 1987 1755 2020 nec
1781 1976 1859 2020 de-

264 2045 649 2103 prehenderetur
672 2047 718 2088 in
742 2044 903 2102 furto,
941 2051 992 2089 ut
1017 2047 1246 2104 quidquid
1279 2045 1590 2101 subripuisset
1624 2046 1671 2088 in
1699 2059 1859 2103 quam·

271 2128 458 2173 cunque
496 2114 702 2172 effiyiem
743 2117 877 2159 vellet
905 2121 1329 2170 transmutaretur,
1371 2127 1434 2159 ea:
1460 2115 1565 2159 albo
1601 2116 1646 2159 in
1675 2117 1860 2172 niyrum

271 2187 341 2229 vel
371 2197 434 2229 ex
461 2188 593 2241 niyro
620 2187 665 2228 in
696 2185 872 2241 album,
912 2188 958 2229 in
986 2193 1233 2230 cornutum
1261 2198 1324 2230 ex
1349 2186 1530 2240 mutilo,
1569 2185 1615 2228 in
1651 2187 1859 2230 mutilum

270 2268 334 2299 ea:
362 2261 575 2299 cornuto.
613 2255 654 2299 is
681 2268 786 2298 cum
814 2254 1004 2313 Sisyphi
1018 2268 1170 2312 pecus
1197 2255 1394 2299 adsidue
1429 2256 1665 2299 involaret
1689 2267 1777 2299 nec
1803 2255 1861 2298 ab

270 2337 323 2370 eo
343 2330 504 2381 posset
529 2323 840 2381 deprehendi,
879 2327 1024 2369 sensit
1051 2338 1151 2370 eum
1182 2325 1369 2383 furtum
1393 2325 1482 2369 sibi
1501 2323 1698 2383 facere,
1738 2325 1863 2384 quod

270 2395 396 2438 illius
431 2406 655 2438 numerus
691 2395 955 2453 auyebatur
990 2401 1034 2439 et
1059 2407 1174 2440 suus
1208 2394 1519 2439 minuebatur.
1578 2396 1660 2453 qui
1683 2399 1732 2439 ul
1758 2406 1861 2439 eum

271 2464 672 2520 deprehenderet,
717 2466 765 2508 in
792 2477 1024 2522 pecorum
1069 2467 1254 2523 unyulis
1296 2470 1453 2509 notam
1495 2467 1725 2522 imposuit.
1783 2467 1863 2522 qui

222 2541 227 2545 ·
272 2548 377 2578 cum
411 2535 544 2578 solito
582 2547 708 2578 more
743 2536 996 2579 involasset
1035 2541 1078 2579 et
1115 2534 1347 2594 Sisyphus
1391 2535 1455 2579 ad
1496 2546 1599 2578 eum
1644 2536 1858 2588 venisset,

263 2615 448 2661 pecora
485 2615 572 2647 sua
619 2615 682 2648 esc
724 2605 910 2662 unyulis
943 2605 1267 2661 deprehendit.
1339 2603 1397 2648 cs.
1435 2603 1643 2662 Polyaen.
1684 2602 1741 2659 6,
1779 2602 1858 2647 52.

272 2672 505 2717 Diomedes
531 2686 574 2730 p.
603 2671 733 2730 490,
762 2673 850 2719 20:
887 2674 1059 2718 Latina
1087 2675 1308 2719 Atellano
1345 2689 1374 2717 a
1414 2673 1601 2718 Graeca
1647 2675 1861 2731 satyrica

271 2743 451 2800 differt,
481 2743 605 2801 quod
629 2744 675 2787 in
701 2745 915 2801 satyrica
938 2743 1047 2800 sere
1072 2750 1345 2801 satyrorum
1364 2753 1604 2800 personae
1628 2743 1863 2787 inducun-

274 2819 353 2856 tur
389 2818 470 2856 aut
504 2815 547 2856 si
577 2825 701 2871 quae
735 2819 844 2858 sunt
880 2815 1112 2858 ridiculae
1149 2815 1323 2858 similes
1356 2814 1555 2871 satyris,
1584 2812 1858 2870 Autolycus,

272 2881 484 2926 Busiris.
556 2881 665 2927 duas
701 2882 839 2927 fuisse
880 2882 1054 2928 fabulae
1101 2883 1319 2928 editiones
1354 2881 1514 2928 docere
1552 2881 1726 2926 videtur
1757 2882 1853 2926 Ath.
