2077 3139
896 130 1238 172 PRAEFATIO
1787 145 1860 181 vn

277 291 393 335 muS,
419 290 518 322 cum
543 275 747 321 Lutatius
784 274 1039 334 superstitis
1066 273 1238 319 fabulae
1264 272 1412 318 locum
1439 279 1611 332 spectet
1637 270 1708 317 Or.
1740 272 1861 317 676:

281 342 611 410 [ποτωμένην]
650 334 814 404 ψυχὴν
851 337 976 399 ὑπὲρ
1011 339 1126 400 σοῦ,
1164 342 1207 387 id
1234 343 1354 402 quod
1387 349 1487 388 ante
1522 356 1603 387 nos
1639 343 1864 400 perspexit

278 418 467 462 Porson.
506 429 616 460 nova
644 421 930 460 accesserunt
957 412 1058 457 huic
1085 412 1272 457 editioni
1299 412 1545 472 fragmenta
1572 411 1695 457 368²
1721 410 1864 468 (Euri-

279 487 396 547 pidis
423 487 538 530 enim
574 497 672 530 esse
697 497 899 542 versum,
935 496 1024 527 non
1050 481 1387 541 Aristophanis,
1428 481 1590 526 dudum
1626 487 1865 540 agnoverat

280 549 545 613 Dindorfius)
580 548 708 600 430b
746 547 871 599 625b
909 546 1035 598 ‘727¹'
1072 545 1198 597 852b
1237 551 1335 596 949
1376 551 1505 598 1086
1547 550 1696 596 1104.
1759 551 1864 594 item

279 639 392 670 nova
419 632 488 670 est
513 637 595 669 nec
623 631 764 668 tamen
792 624 900 667 satis
927 628 1047 667 certa
1073 621 1296 680 Euripidis
1324 621 1471 665 sabula
1499 616 1670 665 Μυσοί
1686 615 1732 676 ¹).
1786 632 1866 665 nec

280 708 431 740 verum
461 707 530 738 me
566 686 725 737 vidisse
764 692 1095 747 contenderim,
1130 704 1227 735 cum
1263 692 1419 749 Augen
1450 690 1510 749 (p.
1541 688 1639 748 63),
1680 688 1867 734 Sthene-

279 764 435 809 boeam
461 762 520 822 (p.
539 761 671 820 177),
699 760 941 820 Telephum
965 761 1025 820 (p.
1045 760 1160 816 188)
1187 759 1360 819 aliquot
1388 760 1533 804 verbis
1559 757 1692 804 ditari
1712 759 1866 803 vellem

280 848 370 880 non
397 832 531 878 certis
558 833 687 877 nixus
716 832 1001 887 testimoniis,
1029 829 1107 874 sed
1132 830 1264 874 meris
1291 829 1452 875 ductus
1479 828 1818 888 suspitionibus.

386 903 657 948 Testimonia
682 900 964 960 singulorum
989 901 1188 945 locorum
1224 898 1329 943 olim
1373 899 1558 944 excitata
1595 898 1767 958 integra
1803 911 1869 941 re-

281 974 409 1034 petii,
436 986 546 1018 nova
582 971 697 1016 haud
730 985 871 1031 pauca
909 969 1066 1015 addidi.
1117 968 1170 1014 ad
1205 969 1474 1014 emendanda
1503 968 1679 1028 quidem
1713 975 1870 1028 poetae

280 1043 413 1088 verba
437 1042 705 1102 perexiguus
733 1040 834 1085 inde
859 1039 1033 1084 fructus
1059 1038 1320 1083 redundavit
1345 1037 1400 1097 (v.
1428 1038 1480 1083 sr.
1503 1037 1603 1084 402
1627 1038 1727 1084 600
1753 1037 1870 1094 968,

281 1112 358 1170 4),
395 1112 473 1157 sed
498 1111 651 1155 multis
678 1112 721 1155 in
750 1109 1088 1170 quaestionibus
1114 1106 1224 1152 utile
1251 1115 1318 1152 est
1353 1107 1468 1153 scire
1494 1122 1517 1151 a
1544 1107 1704 1167 quibus
1732 1108 1872 1166 scrip·

286 1182 458 1226 toribus
496 1181 672 1241 quidam
707 1186 939 1239 poetarum
985 1177 1071 1223 loci
1109 1185 1399 1236 usurpentur.
1451 1177 1637 1222 indicem
1683 1177 1871 1220 sontium

285 1252 524 1310 diligenter
567 1248 844 1295 elaboratum
889 1262 944 1293 ne
995 1247 1096 1292 huic
1140 1247 1317 1306 quidem
1361 1247 1545 1291 editioni
1595 1247 1750 1291 deesse
1798 1259 1874 1291 vo-

284 1321 463 1366 luimuS.

386 1391 434 1434 In
470 1388 752 1435 emendandis
787 1388 1010 1449 Euripidis
1055 1387 1317 1447 fragmentis
1353 1385 1481 1430 multi
1517 1385 1719 1430 homines
1753 1385 1874 1431 docti

283 1460 387 1506 inde
413 1459 466 1504 ab
493 1474 531 1504 a.
560 1457 692 1505 1856
730 1465 912 1503 strenue
947 1472 996 1503 ac
1030 1472 1120 1502 non
1156 1456 1266 1501 nulli
1301 1457 1606 1515 prosperrimo
1644 1469 1741 1500 cum
1776 1469 1876 1500 suc-

286 1543 416 1575 cessu
450 1530 613 1574 versati
650 1536 771 1573 sunt.
821 1529 940 1572 inter
975 1541 1088 1587 quos
1126 1528 1270 1586 primo
1305 1526 1405 1571 loco
1442 1525 1735 1570 nominandus
1769 1525 1875 1568 mihi

286 1607 356 1644 est
383 1598 643 1644 Theodorus
671 1597 915 1657 Gomperz,
957 1599 1032 1656 qui
1057 1604 1107 1641 ut
1134 1598 1176 1640 in
1203 1596 1577 1641 commentatione
1602 1593 1710 1638 Novi
1736 1594 1874 1638 Musei

285 1669 479 1713 Rhenani
526 1667 614 1712 vol.
654 1666 707 1712 Xl
752 1669 919 1712 inserta
966 1667 1018 1710 de
1073 1666 1344 1725 tragicorum
1395 1672 1630 1724 poetarum
1674 1664 1877 1723 reliquiis

288 1739 468 1798 egregie
495 1738 679 1783 meritus
705 1744 800 1794 est,
843 1737 905 1781 ita
931 1738 1134 1796 privatim
1162 1735 1373 1794 plurimas
1410 1741 1453 1778 et
1494 1733 1685 1793 optimas
1725 1747 1878 1777 earum

288 1807 621 1852 emendationes
656 1819 826 1851 mecum
865 1806 1215 1850 communicavit.
1269 1805 1374 1848 item
1408 1803 1537 1848 nobis
1570 1802 1698 1847 utilia
1734 1810 1780 1846 et
1806 1816 1880 1846 ex·

290 1884 444 1936 optata
470 1876 655 1921 fuerunt
682 1889 794 1935 quae
819 1874 867 1921 C.
897 1875 1179 1934 Conington,
1215 1874 1285 1919 Fr.
1319 1873 1598 1930 Heimsoeth,
1635 1871 1685 1916 0.
1716 1871 1878 1928 Hense,

289 1947 424 1992 Henr.
452 1960 533 1991 van
559 1945 849 2002 Herwerden,
877 1946 926 1989 A.
953 1944 1166 2002 Meineke,
1194 1943 1242 1988 L.
1270 1957 1293 1987 a
1319 1943 1468 2002 Sybel,
1495 1942 1567 1987 alii
1595 1943 1879 1987 commentati

289 2023 408 2061 sunt.
461 2029 512 2060 ex
547 2014 717 2060 infinita
753 2022 899 2060 autem
935 2016 1062 2074 copia
1099 2014 1454 2059 coniecturarum
1489 2019 1534 2056 et
1559 2013 1880 2070 suspitionum,

290 2099 404 2146 quae
440 2085 616 2145 quidem
651 2085 782 2130 nobis
817 2086 1135 2141 innotuerunt,
1169 2097 1333 2143 paucas
1369 2083 1573 2127 duximus
1606 2080 1876 2126 delibandas.

289 2157 424 2200 missa
450 2155 635 2200 fecimus
671 2168 761 2199 non
789 2153 933 2199 solum
968 2156 1125 2199 vitiosa
1153 2158 1428 2211 commenta,
1466 2151 1543 2196 sed
1579 2152 1710 2195 etiam
1745 2163 1882 2209 quae·

292 2238 468 2284 cunque
502 2226 634 2269 nimis
661 2224 916 2269 viderentur
941 2223 1110 2269 incerta
1136 2229 1269 2282 atque
1295 2220 1624 2281 improbabilia.
1652 2233 1737 2278 qua
1762 2219 1806 2263 in
1832 2232 1883 2264 re

409 2388 453 2437 1)
484 2388 599 2428 Vide
621 2387 876 2428 Philodemi
896 2387 1043 2428 locum
1064 2400 1108 2439 p.
1134 2387 1212 2426 146
1245 2385 1445 2425 allatum.
1479 2396 1610 2436 quam
1631 2383 1713 2422 Ed.
1735 2382 1885 2422 Hiller

291 2443 339 2484 in
359 2444 499 2483 Libro
528 2443 821 2483 miscellaneo
843 2443 911 2484 ed.
934 2457 960 2483 a
992 2443 1211 2483 societate
1239 2440 1392 2494 philol.
1414 2440 1643 2479 Bonnensi
1675 2439 1734 2480 (a.
1759 2438 1881 2486 1864)

292 2512 337 2552 p.
356 2501 410 2540 41
442 2503 659 2551 tanquam
689 2498 827 2539 semel
857 2500 1134 2538 nominatam
1165 2499 1484 2537 commemorat
1503 2494 1735 2547 Euripidis
1766 2487 1884 2535 Νιό-

294 2553 398 2608 βην,
429 2567 519 2594 non
542 2555 717 2601 admisi,
743 2556 951 2606 quoniam
973 2568 1029 2594 ne
1050 2566 1165 2593 unus
1188 2553 1363 2605 quidem
1383 2552 1517 2591 istius
1540 2550 1721 2590 fabulae
1751 2550 1885 2588 testis

294 2610 405 2650 mihi
434 2611 648 2650 innotuit.
703 2616 904 2650 ceterum
935 2610 1073 2662 priori
1103 2609 1351 2661 Hippolyto
1382 2606 1611 2657 Euripidis
1642 2605 1808 2645 ibidem
1840 2617 1884 2654 p.

293 2668 348 2706 43
381 2669 427 2706 et
456 2679 498 2718 p.
519 2668 573 2707 47
603 2665 730 2707 locus
760 2665 1040 2705 Philemonis
1071 2665 1180 2704 Lex.
1212 2677 1254 2716 p.
1279 2665 1332 2705 36
1364 2663 1459 2702 sive
1488 2663 1616 2702 Eust.
1637 2660 1692 2703 Il.
1721 2674 1766 2713 p.
1787 2661 1884 2707 633,

294 2723 348 2761 21
381 2721 676 2768 adscribitur,
717 2721 824 2774 quia
854 2724 902 2761 in
934 2720 1082 2761 altera
1121 2720 1278 2759 fabula
1308 2713 1459 2771 πεύκη
1498 2715 1767 2757 vocabulum
1797 2728 1887 2754 non

295 2780 564 2828 reperiatur.
620 2776 730 2816 mihi
768 2789 858 2816 non
896 2776 1079 2816 dubium
1115 2775 1297 2815 videtur
1335 2774 1441 2825 quin
1477 2771 1752 2812 Philemonis
1789 2771 1886 2810 sive

296 2832 529 2872 Eustathii
550 2834 719 2872 mentio
740 2831 981 2872 referenda
1003 2833 1063 2871 sit
1083 2831 1142 2871 ad
1171 2830 1432 2882 superstitis
1451 2827 1688 2881 Hippolyti
1707 2839 1888 2866 versum

300 2889 429 2929 1254:
462 2885 544 2930 καὶ
574 2882 660 2943 τὴν
693 2882 744 2929 ἔν
765 2881 871 2944 Ἴδῃ
902 2879 1186 2942 γραμμάτων
1216 2878 1411 2939 πλήσειὲ
1441 2897 1510 2932 τις
1545 2879 1741 2932 πεύκην.
