2077 3139
933 94 1042 136 ΙΝςι
1680 85 1779 138 109

360 240 591 317 γαστρὸς
621 254 842 312 κρατεῖν
874 240 961 295 δέ·
994 238 1085 293 καὶ
1114 235 1217 309 γάρ
1251 240 1309 293 ἐν
1340 246 1587 292 κακοῖσιν
1619 228 1696 287 ῶν

364 330 740 399 ἐλευθέροισιν
767 327 1203 397 ἐμπεπαίδευμαι
1233 318 1466 392 τρόποις.
1711 331 1738 371 5

301 426 424 472 Stob.
451 425 572 471 Flor.
598 424 682 479 89,
710 423 764 468 9:
793 412 1072 479 Εὐριπίδου
1093 407 1214 463 Ἰνοῖ
1233 418 1314 476 (sic
1339 416 1534 472 Avind„
1560 408 1686 457 οἰνεῖ
1706 411 1778 465 Μ).

198 491 481 573 εἐπίσταμαι
511 519 570 527 -
599 485 794 577 τρόποις
773 492 838 534 ’.
891 490 1026 535 Orion
1053 489 1173 533 Flor.
1213 489 1270 546 1,
1298 487 1326 532 5
1364 448 1567 545 ρ.249,
1606 482 1693 528 16:
1728 475 1781 524 ἐκ

196 565 282 624 τῆς
310 555 478 618 Ἰνοῦς.
529 550 960 636 ’ἐπίσταμαι-ἂ
994 550 1077 627 μὴ
1094 553 1295 615 πρέπει’
1333 557 1412 614 (vs.
1443 556 1537 599 1—
1479 553 1608 610 -3).
1659 566 1721 595 v.s
1751 549 1780 595 2

197 637 315 713 ΡΙυῑ.
359 636 468 680 Mor.
513 649 559 694 p.
602 632 702 679 506
747 631 800 676 C:
844 617 876 688 ἡ
921 619 960 673 ὂ
1005 616 1321 719 Ευριπίὸειος
1358 615 1464 670 Ινώ
1507 617 1784 681 παρρησίαν

197 698 378 766 ἆγοισα
410 699 519 764 περὶ
545 691 695 760 αυτῆς
721 694 898 744 εἰδέναι
933 693 1054 757 φησὶ
1091 695 1262 758 εσιγᾶν
1284 721 1355 728 ——
1377 687 1632 752 ἆσφαλές’.
1684 690 1782 735 Gel-

198 776 285 821 lius
310 775 359 819 N
386 773 558 831 Α.13,
589 772 677 830 19,
704 770 760 816 4:
795 772 847 815 id
879 781 1063 829 quoque
1098 769 1518 813 animadvertimus
1553 767 1669 820 aput
1694 763 1783 805 Ae-

199 847 413 903 schylum
446 837 497 886 ἐν
532 840 601 906 τῷ
635 832 875 902 πυρφόρῳ
902 837 1172 904 Προμηθεῖ
1205 844 1249 882 et
1285 842 1401 895 aput
1428 833 1703 891 Euripidem
1737 834 1785 874 in

201 915 445 974 trayoedia
473 926 595 973 quae
622 915 859 968 inscripta
886 916 955 955 est
983 896 1089 951 Ινώ
1116 910 1311 954 eundem
1337 918 1440 951 esse
1466 917 1653 950 versum
1679 901 1784 945 abs-

201 997 324 1045 quae
354 986 556 1055 paucis
564 982 775 1041 syllabis.
826 978 1100 1037 Aeschylus
1136 981 1206 1022 sic
1243 974 1424 1036 *σιγῶν
1457 962 1518 1018 θ’
1556 962 1681 1016 ὅπου
1716 966 1792 1012 δεῖ

202 1050 285 1097 καὶ
320 1049 470 1113 λέγων
504 1041 562 1096 τὰ
596 1047 810 1107 καίρια’,
846 1050 1102 1106 Euripides
1134 1045 1252 1093 ita
1267 1043 1408 1106 σιγᾶν
1432 1069 1502 1077 —
1526 1033 1787 1100 amquakfsg’.

203 1124 388 1169 eundem
422 1136 597 1167 versum
633 1120 797 1165 hahent
828 1118 944 1163 Plut.
979 1119 1086 1163 Mor.
1123 1132 1166 1176 p.
1205 1117 1303 1163 606
1330 1120 1364 1159 Α
1409 1121 1455 1159 et
1493 1127 1625 1158 anon.
1659 1111 1787 1156 Rhet.

207 1194 293 1238 vol.
322 1194 350 1239 3
379 1208 419 1252 p.
450 1191 567 1247 643,
594 1189 675 1236 29.
724 1186 1128 1247 resp1c1t1ullanus
1155 1202 1199 1245 p.
1228 1185 1326 1232 328
1354 1187 1397 1230 D.
1449 1179 1787 1229 ef.Ant11.Pa1.

207 1263 402 1319 14,10.
454 1252 567 1323 χρη]
611 1255 688 1303 δεῖ
714 1259 830 1303 Plut.
858 1257 967 1302 Gell.
995 1258 1130 1302 Anth.
1156 1256 1247 1300 Pal.
1297 1270 1361 1301 vs.
1391 1255 1419 1300 3
1457 1267 1537 1313 χρε
1518 1267 1610 1297 εων
1645 1250 1790 1305 Stob„

204 1327 374 1390 πρέπει
402 1332 473 1377 Or.
482 1344 578 1390 ,με
607 1325 684 1373 δεῖ
703 1329 893 1374 coniecit
918 1327 1029 1372 Lud.
1057 1343 1079 1371 a
1106 1326 1254 1386 Syhel.

950 1447 1053 1498 418

372 1536 670 1613 φειδῶμεθ’
704 1536 926 1609 ἀνδρῶν
958 1533 1220 1607 εὐγενῶν,
1253 1532 1596 1606 φειδώμεθα,

373 1625 570 1689 κακοὺς
603 1622 648 1678 δ’
683 1620 1066 1692 ἀποπτύωμεν,
1100 1617 1281 1689 ῶσπερ
1312 1616 1477 1684 ἄξιον.

311 1722 439 1768 Stob.
464 1722 582 1766 Flor.
609 1720 693 1779 86,
720 1719 767 1766 8.
814 1733 877 1764 vs,
907 1717 936 1762 2
962 1709 1278 1775 ἀπολλύωμεν
1304 1716 1467 1760 malim.

952 1837 1056 1889 419

377 1929 609 2001 ἄνασσα,
640 1937 862 1992 πολλοῖς
894 1934 1039 1983 ἔστιν
1069 1923 1385 1996 ἀνθρώπων
1416 1923 1574 1995 κακά,

375 2030 487 2080 τοῖς
518 2013 562 2070 δ’
598 2012 719 2084 ἄρτι
749 2011 924 2084 λήγει,
956 2024 1067 2075 τοῖς
1100 2011 1159 2066 δὲ
1190 2015 1449 2075 κίνδυνος
1480 2017 1684 2081 μολεῖν.

378 2097 574 2163 κύκλος
604 2097 706 2168 γὰρ
738 2095 900 2162 αὑτὸς
931 2100 1218 2165 καρπίμοις
1248 2116 1307 2149 τε
1336 2097 1435 2164 γῆς
1465 2105 1660 2164 φυτοῖς

377 2188 602 2253 θνητῶν
631 2205 688 2237 τε
717 2186 903 2254 γενεᾷ·
935 2193 1048 2243 τοῖς
1078 2179 1177 2250 μὲν
1208 2175 1424 2243 αὔξεται
1455 2183 1594 2248 βίος,

378 2269 489 2321 τῶν
522 2267 582 2320 δὲ
612 2272 803 2336 φθίνει
832 2288 890 2320 τε
920 2264 1010 2319 καὶ
1039 2268 1310 2334 θερίζεται
1340 2259 1520 2316 πάλιν.
1686 2276 1713 2316 5

317 2363 442 2409 Stoh.
470 2363 587 2410 Flor.
616 2362 741 2418 105,
772 2361 856 2408 19:
892 2351 1169 2416 Εὐριπίδου
1188 2347 1311 2402 Ἰνοῖ
1341 2355 1423 2418 (sic
1447 2357 1639 2414 Avind„
1679 2353 1805 2400 οἰνεΐ

212 2434 282 2492 Μ).
335 2425 551 2477 εὀὶνασσοι
577 2456 640 2464 —
667 2425 857 2476 πάλιν’.
909 2446 974 2476 vs.
1003 2430 1031 2474 2
1058 2418 1203 2474 τοῖσδ’
1231 2419 1340 2485 ἄρτι
1366 2427 1528 2473 malim.
1578 2441 1640 2471 vs.
1662 2425 1796 2473 3—5

213 2504 365 2550 attulit
398 2504 512 2548 plut.
549 2503 656 2546 Mor.
693 2517 738 2561 p.
768 2501 864 2547 104
889 2502 934 2545 Β.
984 2515 1048 2544 vs.
1076 2500 1104 2545 3
1139 2491 1320 2552 κύκλος
1352 2488 1443 2558 γὰρ
1479 2486 1625 2549 αυτὸς
1661 2496 1796 2553 plut„

213 2568 380 2636 κύκλῳ
405 2589 496 2633 γαρ
525 2585 658 2628 ερπει
686 2573 818 2631 (quae
844 2570 975 2615 ve1ba
1003 2577 1107 2614 sunt
1133 2569 1236 2613 Eur.
1260 2569 1316 2614 fr.
1338 2567 1421 2626 22,
1442 2562 1494 2627 3)
1522 2566 1644 2612 Stob.
1682 2580 1747 2610 v.s
1765 2565 1798 2609 4

213 2645 313 2698 τοῖς
336 2621 473 2701 131ut.,
500 2639 596 2686 τῶν
623 2641 749 2686 Stoh.
800 2655 863 2685 vs.
891 2640 919 2685 5
947 2633 1029 2683 καὶ
1057 2639 1109 2682 θ.
1138 2637 1265 2683 Stob.
1272 2604 1652 2697 ,κάκθερίζεται
1677 2635 1795 2680 Plut.

959 2745 1064 2796 420

380 2844 575 2894 πολλοί
600 2861 662 2909 γε
691 2839 915 2908 θνητῶν
943 2839 1020 2911 τῷ
1051 2832 1250 2908 θράσει
1279 2834 1372 2900 τὰς
1403 2829 1687 2906 συμφορὰς
