2077 3139
360 154 464 208 233
957 149 1352 194 mcERTARvM

361 301 618 360 suspicatur
655 298 772 343 hunc
808 310 982 342 versum
1018 309 1070 340 ex
1096 298 1275 354 Agauae
1314 296 1518 339 oratione
1553 294 1795 353 repetitum
1830 307 1951 352 esse,

361 371 489 415 cuius
524 369 697 428 primus
732 381 888 412 versus
916 363 1084 425 (1329)
1122 371 1357 424 superstes
1395 371 1478 409 est.
1531 363 1723 408 indidem
1760 365 1951 424 petitum

360 441 496 485 suerit
522 439 575 483 fr.
605 438 720 485 844.
773 441 951 496 Agauae
987 442 1032 480 et
1056 435 1236 494 DIonysi
1275 435 1522 479 orationem
1566 434 1786 494 integram
1821 439 1952 479 norat

361 516 518 555 auctor
545 508 709 553 Christi
744 508 983 567 patientis,
1019 505 1135 549 unde
1169 504 1358 549 Palatini
1385 504 1653 549 Baccharum
1688 503 1854 548 codicis
1888 503 1951 547 la-

362 593 520 625 cunam
546 579 694 638 aliqua
720 592 771 622 ex
797 584 924 637 parte
951 588 1240 635 compensare
1262 573 1434 619 studuit
1457 580 1638 633 praeter
1663 573 1776 617 alios
1798 572 1952 618 Kirch·

361 647 527 694 hosfius
553 649 598 693 in
626 647 787 693 Philol.
822 645 908 692 vol.
937 645 967 692 8
1013 660 1057 704 p.
1089 644 1318 701 78—93,
1361 645 1436 703 qui
1462 647 1640 702 Agauae
1668 642 1825 688 tribuit
1849 642 1951 687 Chr.

360 727 450 779 pat.
488 733 551 763 VS.
593 717 725 764 1312
764 731 829 776 sq.
888 714 1021 761 1256
1059 729 1125 774 sq.
1181 713 1542 760 1120—1124
1573 711 1951 770 1469—1472‚

361 790 554 848 Dionyso
582 804 644 833 vs.
670 787 801 834 1665
824 800 889 845 sq.
923 784 1053 832 1692
1085 784 1217 830 1664
1248 783 1380 830 1663
1411 783 1541 829 1667
1573 782 1706 828 1715
1738 782 1950 842 1168sq.

363 857 709 906 1678—1680
748 855 1087 903 1672-1677
1130 854 1273 901 1690.

1110 974 1213 1025 844

531 1057 769 1125 γαυριᾶν

464 1154 651 1197 Antiatt.
681 1167 723 1212 p.
752 1150 833 1200 87
863 1149 953 1196 29.
979 1148 1213 1223 γαυριᾶν·
1242 1141 1324 1191 καὶ
1351 1145 1491 1192 τοῦτο
1518 1141 1803 1206 μέμφονται.
1855 1145 1952 1205 Δη-

361 1218 604 1283 μοσθένης
629 1215 739 1281 περὶ
768 1218 853 1264 τοῦ
880 1211 1142 1278 στεφάνου,
1171 1206 1447 1278 Ετοιπίὸης
1476 1208 1707 1276 Βάκχαις.

1111 1339 1213 1391 845

1031 1426 1333 1500 ἆκανθώδη
1365 1428 1521 1500 ῥάχιν

466 1530 608 1604 Etym
635 1531 687 1574 M.
716 1545 760 1590 p.
785 1528 902 1587 702,
928 1527 1020 1574 48:
1050 1520 1185 1587 ῥάχις
1216 1551 1272 1558 -
1300 1520 1377 1570 ἐπὶ
1404 1521 1493 1584 μὲν
1520 1537 1736 1583 σωματος
1762 1521 1952 1584 εἴρηται

361 1615 492 1658 παρα
526 1594 577 1644 τὸ
612 1593 784 1659 τραχύ,
823 1591 885 1652 ὡς
921 1589 1197 1665 Εὐριπίδης
1236 1590 1287 1639 ἐν
1316 1587 1502 1659 Ἑκάβῃ
1536 1585 1806 1654 ἆκανθώδη
1850 1596 1954 1639 εἰπε

362 1661 450 1730 τὴν
478 1664 634 1732 ῥάχιν.
686 1669 929 1714 Meinekius
955 1681 1037 1727 pro
1073 1659 1345 1723 ακανθώὸη
1381 1666 1664 1711 scribendum
1701 1666 1954 1726 suspicatur

362 1732 595 1785 ἄκανθαν
622 1748 665 1785 et
699 1739 859 1817 respici
886 1745 1014 1810 putat
1041 1738 1142 1782 Eur.
1172 1738 1273 1781 Tro.
1305 1737 1426 1781 117:
1465 1732 1546 1779 καὶ
1577 1731 1830 1780 διαδοῦναι
1856 1733 1950 1780 νῶ-

363 1825 445 1856 τον
470 1802 707 1856 ἄκανθάν
732 1799 765 1853 τ’
796 1805 863 1863 εἰς
887 1797 1191 1867 ἄμφοτέοους
1217 1802 1402 1865 τοίχους
1427 1801 1620 1865 μελέων.

1111 1927 1214 1980 846

533 2018 567 2094 ἡ
597 2021 700 2092 γὰρ
731 2021 994 2091 τυραννὶς
1026 2016 1307 2074 πάντοθεν
1335 2015 1609 2084 τοξεύεται

534 2111 734 2171 δεινοῖς
765 2110 980 2176 ἔρωσιν,
1013 2095 1077 2174 ἧς
1110 2105 1419 2173 φυλακτέον
1449 2104 1587 2173 πέρι.

469 2203 595 2249 Stob.
633 2203 753 2248 Flor.
788 2201 880 2260 49,
924 2201 984 2246 4:
1027 2189 1302 2257 Εὐριπίδου
1336 2190 1586 2255 Ἠλέκτρα.
1655 2188 1715 2257 (ἦ
1757 2188 1850 2260 γάρ
1885 2224 1953 2234 -

365 2269 521 2334 πέρι’.
573 2289 635 2318 vs.
672 2272 700 2317 2
743 2266 916 2331 ἐρῶσιν
949 2270 1062 2316 libri.
1115 2261 1174 2330 ἧς
1202 2270 1354 2328 Vind.,
1390 2261 1464 2324 οἷς
1490 2271 1580 2314 AM.
1633 2265 1804 2323 δεινῶς
1839 2263 1953 2325 ἐρῶ·

367 2356 470 2396 σιν,
505 2334 589 2397 οὓς
625 2337 926 2400 φυλακτέον,
964 2334 1115 2399 πάτερ
1157 2340 1481 2386 Valckenarius.
1541 2340 1595 2385 de
1638 2339 1844 2385 lemmate
1877 2346 1953 2385 aut

365 2414 583 2460 Stobaeus
609 2421 686 2458 aut
710 2413 880 2457 librarii
906 2419 1127 2457 errarunt.

1112 2518 1212 2570 847
1295 2513 1298 2515 ’

473 2613 545 2654 Ar.
574 2610 653 2669 Eq.
683 2608 806 2654 214.
842 2601 1042 2665 τάραττε
1079 2604 1156 2651 καὶ
1195 2596 1387 2667 χόρδευ’
1426 2595 1551 2683 ομοῦ
1583 2622 1641 2650 τα
1676 2598 1950 2677 πράγματα.

368 2679 442 2725 ubi
470 2679 644 2726 Schola
681 2670 939 2742 παοαίδησε
974 2669 1067 2739 γάρ
1093 2668 1178 2722 τὸν
1215 2674 1394 2737 ἴαμβον
1422 2671 1468 2732 ἐξ
1496 2666 1826 2733 (Ηρακλειὸὠν
1853 2663 1954 2720 Ευ-

369 2745 581 2809 ριπίὸου.

1107 2812 1209 2865 848

534 2900 680 2969 ὅστις
713 2903 771 2959 δὲ
795 2899 920 2968 τούς
944 2901 1197 2967 τεκόντας
1224 2904 1282 2958 ἐν
1312 2906 1415 2977 βίῳ
1448 2901 1614 2973 σε’βει,
