2077 3139
299 149 403 202 218
891 147 1301 190 ΦΙΛΟΚΤΗΤΗΣ

301 284 391 340 νῦν
425 289 684 351 κίιόυνον,
729 281 895 337 ὀκνῶν
933 287 1239 365 διαφθεῖραι
1266 278 1355 349 τὴν
1389 283 1466 334 ἐπὶ
1503 288 1603 345 τοῖς
1647 283 1895 351 ἔμπροσθε

301 357 554 426 γεγονόσιν
590 355 831 408 εύκλειαν.
882 359 975 408 νῦν
1007 354 1096 405 οὖν
1122 376 1245 405 κατα
1280 357 1459 420 πρᾶξιν
1495 353 1628 404 πάνυ
1655 355 1895 418 ἐπισφαλῆ

303 431 386 479 καὶ
413 423 628 512 χαλεπὴν
657 428 800 488 ὁεῦρο
827 423 1045 489 ε’ληλυθα
1072 426 1138 485 εἰς
1164 429 1390 489 Λῆμνον,
1419 421 1549 484 ὅπως
1581 421 1891 507 Φιλοκτήτην

303 500 386 550 καὶ
421 520 478 549 τα
507 493 803 563 Ηρακλέους
839 495 952 557 τόξα
988 497 1261 575 κομίζοιμι
1268 501 1366 554 τοῖς
1399 510 1680 559 συμμαχοις.
1740 491 1766 544 ὃ
1803 513 1896 559 γαρ

306 567 365 634 δὴ
393 564 764 656 μαντικώτατος
779 569 992 632 Φρυγῶν
1013 562 1217 625 Έλενος
1241 558 1265 614 6
1294 562 1524 630 Πριάμου
1549 561 1897 647 κατεμήνυσεν,

304 638 382 690 ὅτε
419 640 584 719 ἔτυχεν
617 635 915 704 αιχμαλωτος
952 638 1185 699 ληφθείς.
1231 629 1349 685 ἄνευ
1392 638 1575 685 τούτων
1608 630 1800 717 μήποτ’
1834 628 1899 683 αν

306 706 491 760 ἁλῶναι
517 729 607 770 την
632 711 788 758 πόλιν.
840 712 888 758 3.
925 701 1045 771 πρὸς
1071 705 1160 769 μὲν
1187 700 1246 770 δὴ
1271 701 1384 765 τούς
1408 704 1634 785 βασιλέας
1660 724 1746 768 ουχ
1773 699 1898 768 ὦμο-

306 777 486 852 λογησα
519 775 608 842 τὴν
645 780 863 866 πρᾶξιν,
883 773 1196 840 ἕπισταμενος
1236 795 1323 841 την
1358 778 1446 824 τοῦ
1479 770 1658 835 av6963
1696 775 1899 840 ε’χθραν,

307 873 344 918 ῳ
379 870 432 917 γε
471 844 615 908 αυτὸς
650 851 806 907 αἴτιος
842 843 1089 927 ἐγενόμην
1118 848 1539 910 καταλειφθῆναι,
1587 842 1661 895 ὅτε
1685 843 1900 913 δηχθεὶς

308 922 474 984 ἔτυχεν
500 914 600 969 υπὸ
627 919 837 983 χαλεπῆς
863 917 943 966 καὶ
971 913 1177 966 ἆιιατου
1198 915 1402 1004 ἐχίδνης.
1439 912 1530 965 οὐκ
1557 935 1621 966 αν
1648 914 1736 965 οὖν
1760 910 1901 983 φ’μην

307 985 421 1041 οὐδὲ
445 984 606 1040 πειθώ
630 986 860 1050 τοιαύτην
887 986 1126 1068 ἐξευρεῖν,
1153 980 1247 1049 υφ’
1276 990 1338 1050 ῆς
1362 1007 1425 1035 αν
1448 1004 1561 1035 ποτε
1588 985 1771 1044 ἐκεῖνος
1797 985 1902 1049 ἐμοὶ

307 1082 470 1127 πραως
507 1062 665 1124 ἔσχεν,
707 1054 812 1108 αλλ’
853 1051 1006 1118 ευθύς
1040 1051 1410 1106 αποθανεῖσθαι
1445 1052 1584 1125 ᾤμην
1609 1051 1694 1106 υπ’
1735 1057 1900 1105 αὐτοῦ.

307 1128 511 1193 ’ὕστερον
541 1130 617 1193 ὁέ,
653 1132 740 1190 τῆς
766 1124 986 1192 Ἀθηνᾶς
1020 1145 1103 1191 μοι
1138 1127 1622 1207 παρακελευσαμένης
1656 1122 1778 1175 καθ’
1809 1121 1900 1175 ύπ·

309 1222 441 1266 vov3,
470 1197 629 1261 ὥσπερ
666 1200 839 1262 ει’ωθε,
868 1200 1154 1263 θαρροῦντα
1190 1197 1268 1246 ἐπὶ
1296 1193 1380 1246 τὸν
1406 1190 1612 1258 ocv69oc’
1580 1196 1739 1249 ,ιε’ναι·
1779 1189 1902 1257 αὕτη

308 1293 399 1339 γαρ
427 1267 649 1332 αλλαξειν
676 1289 768 1335 μου
793 1264 845 1318 τὸ
872 1264 998 1327 εἶδος
1023 1268 1107 1317 καὶ
1133 1262 1222 1332 τὴν
1249 1266 1442 1332 φωνήν,
1472 1264 1588 1316 ὥστε
1615 1271 1789 1316 λαθεῖν
1815 1258 1904 1315 αὗ-

309 1346 378 1410 τῷ
403 1337 778 1408 ξυγγενόμενον·
816 1338 945 1389 ου’τω
971 1335 1030 1401 ὁη
1064 1342 1278 1404 αφῖγμαι
1302 1333 1572 1402 θαρρήσας.
1624 1342 1670 1387 4.
1709 1332 1905 1385 πυνθα-

310 1433 456 1477 ’νομαι
509 1411 559 1462 ὁὲ
609 1431 691 1460 και
739 1429 873 1469 παρα
923 1411 1017 1458 τῶν
1067 1411 1280 1489 Φρυγῶν
1328 1408 1552 1472 πρέσβεις
1599 1403 1905 1457 απεστάλθαι

311 1480 505 1548 κρύφα.
543 1501 627 1531 εαν
653 1501 753 1539 πως
791 1477 1032 1529 δύνωνται
1059 1475 1144 1527 τὸν
1174 1478 1486 1559 Φιλοκτητην
1521 1479 1775 1537 πείσαντες
1810 1475 1905 1526 δώ-

313 1573 414 1618 ροις
440 1549 540 1616 ἅμα
564 1551 646 1601 καὶ
676 1546 756 1600 δια
790 1570 881 1612 την
906 1551 1091 1631 ἔχθραν
1126 1547 1216 1612 τὴν
1241 1543 1362 1611 πρὸς
1398 1550 1523 1611 ημᾶς
1547 1541 1815 1630 αναλαβεῖν
1841 1547 1907 1606 εἰς

313 1644 402 1686 την
429 1600 574 1672 πόλιν
600 1618 752 1671 αὐτὸν
779 1621 862 1669 καὶ
888 1641 945 1669 τα
970 1620 1047 1680 τό5
1052 1640 1096 1669 α.
1149 1616 1373 1669 τοιούτου
1398 1618 1734 1700 προκειμένου
1745 1613 1908 1666 ἶὶθλου

312 1697 416 1754 πῶς
451 1713 510 1743 ου
534 1697 757 1760 πανταχῇ
790 1686 947 1754 ανόρα
981 1693 1249 1772 γίγνεσθαι
1267 1690 1345 1738 δεῖ
1371 1686 1660 1772 πρόθυμον;
1701 1682 1764 1748 ὦς
1805 1687 1906 1736 δια-

314 1762 564 1851 μαρτόντι
581 1765 667 1825 τῆς
700 1758 914 1828 πραξεως
959 1759 1138 1823 ταύτης
1179 1758 1340 1810 πάντα
1373 1781 1432 1809 τα
1469 1757 1709 1843 πρότερον
1753 1758 1908 1833 εἰργα-

314 1836 464 1916 σμένα
497 1829 656 1899 μα’την
691 1833 1003 1894 πεπονῆσθαι
1050 1831 1221 1880 ἔοικεν.
1283 1836 1330 1882 5.
1370 1835 1554 1879 παπαῖ
1595 1826 1850 1893 πρόσεισιν
1883 1821 1909 1876 6

315 1901 454 1969 ανηρ.
506 1900 651 1962 αὐτὸς
685 1900 766 1952 όόε
802 1900 826 1952 ὁ
853 1903 1095 1960 Ποίαντος
1121 1906 1259 1964 παῖς,
1296 1920 1389 1950 ουκ
1427 1897 1604 1981 α’ὁηλος
1629 1902 1688 1966 τῇ
1725 1902 1908 1985 ξυμφο-

317 1979 403 2044 ρςὶ
431 1971 570 2039 μόλις
595 1972 679 2023 καὶ
705 1975 920 2036 χαλεπῶς
946 1975 1246 2053 7‘59013011526011
1299 1965 1338 2020 ὦ
1360 1973 1449 2019 τοῦ
1474 1972 1686 2033 χαλεποῦ
1711 1970 1793 2018 καὶ
1821 1968 1911 2016 δει-

316 2048 409 2095 νοῦ
434 2063 673 2109 οραματος
699 2038 868 2102 ov'tco3.
919 2041 974 2091 τό
1008 2062 1057 2092 τε
1082 2062 1173 2108 γαρ
1200 2037 1327 2100 εἷὸος
1353 2037 1449 2091 υπὸ
1477 2042 1562 2103 τῆς
1586 2035 1734 2088 νόσου
1758 2041 1904 2101 φοβε-

319 2109 408 2178 ρὸν
433 2111 465 2177 η’
491 2135 539 2163 τε
576 2108 718 2176 στολὴ
745 2107 934 2180 αήθης·
972 2113 1110 2173 ὁοραι
1125 2112 1337 2193 θηρίων
1374 2106 1708 2159 καλύπτουσιν
1742 2105 1911 2158 αὐτόν.

319 2179 439 2235 αλλα
465 2180 523 2234 σὺ
558 2201 772 2248 αμυνον,
803 2181 839 2234 ὠ
866 2182 1097 2232 ὁέσποινα
1125 2173 1333 2243 ’.Αθηνᾶ
1361 2180 1446 2229 καὶ
1472 2201 1539 2243 μη
1563 2180 1722 2243 μα’την
1748 2181 1914 2260 φανῇς

317 2255 438 2340 ημῖν
464 2251 772 2344 ὑποσχομένη
795 2274 883 2317 την
897 2255 1161 2339 σωτι2ρι’.αν
1212 2257 1257 2303 6.
1291 2255 1433 2300 ΦΙΛ.
1462 2253 1509 2300 τί
1535 2245 1594 2314 δὴ
1619 2246 1915 2314 βουλόμενος

320 2325 448 2384 όστις
482 2330 523 2374 εἰ
556 2344 670 2375 ποτε
707 2319 766 2373 66
792 2319 823 2387 η
858 2325 966 2372 τίια
1001 2321 1183 2401 τόλμαν
1226 2318 1411 2386 λαβών,
1449 2321 1657 2383 πότερον
1692 2316 1915 2384 ἁρπαγῆς

319 2395 462 2459 χάριν
488 2393 625 2458 ήκεις
652 2394 728 2444 ε’πὶ
755 2394 900 2457 τήνδε
920 2414 976 2456 τη
983 2413 1008 2440 ν
1033 2410 1223 2454 απορον
1249 2391 1422 2472 στέγην
1447 2412 1478 2454 η
1505 2389 1810 2449 κατάσκοπος
1829 2390 1914 2451 τῆς

319 2464 552 2528 ήιιετέρας
597 2466 877 2529 ὁυστυχίαςς
929 2466 1033 2513 OA.
1073 2460 1177 2512 οὔτι
1212 2481 1266 2529 γε
1305 2456 1424 2531 ὁρᾷς
1467 2457 1624 2524 ἄνδρα
1661 2453 1913 2539 υβριστήν.

328 2540 473 2586 ΦΙΛ.
512 2531 568 2584 οὐ
604 2530 702 2597 μὴν
718 2530 935 2622 ,εἰωθώς
963 2553 1016 2599 ys
1051 2531 1295 2613 πρότερον
1324 2533 1466 2594 δεῦρο
1502 2550 1653 2594 ηκεις.
1716 2534 1820 2580 OA.
1857 2521 1916 2576 οὗ

322 2624 413 2691 γαρ
441 2604 650 2663 εἰωθώς·
689 2604 769 2668 εἴη
796 2603 847 2653 6³0-
872 2605 965 2652 νῦν
1002 2602 1053 2652 ἐν
1079 2605 1236 2670 καιρῷ
1269 2594 1501 2666 ἀφῖχθαι.
1555 2605 1702 2651 ΦΙΛ.
1730 2593 1917 2661 πολλὴν

324 2677 487 2735 ἔοικας
521 2668 723 2755 αλογίαν
767 2670 969 2737 φραζειν
1003 2677 1090 2733 τῆς
1135 2674 1278 2737 δεῦρο
1320 2667 1456 2722 ὁὸοὗ.
1511 2675 1616 2721 OA.
1655 2664 1711 2718 εὖ
1748 2670 1917 2718 τοίνυν

326 2746 465 2809 ἴσθι,
501 2740 560 2794 οὐ
586 2744 731 2809 χωρὶς
768 2746 920 2803 αιτίας
947 2762 1003 2807 με
1038 2761 1222 2806 ηκοντα
1247 2741 1329 2792 καὶ
1356 2742 1436 2790 σοί
1464 2759 1519 2823 ys
1545 2735 1635 2789 οὐκ
1660 2732 1917 2798 αλλότριον

326 2812 687 2879 φανησόμενον.
735 2819 780 2867 7.
810 2817 956 2864 ΦΙΛ.
985 2811 1143 2862 πόθεν
1170 2811 1254 2878 6⁷23
1282 2813 1422 2861 τοῦτο
1448 2830 1540 2896 γαρ
1568 2811 1762 2870 πρῶτον
1789 2805 1919 2868 εἰκός

325 2904 381 2948 με
408 2885 601 2937 εἰδέναι.
653 2886 764 2936 ΟΔ.
805 2877 911 2934 ἀλλ’
952 2883 1049 2947 εἰμὶ
1082 2879 1295 2948 Ἀργεῖος
1329 2884 1426 2931 τῶν
1462 2879 1540 2929 ἐπὶ
1574 2880 1751 2944 Τροίαν
1778 2883 1920 2929 πλευ·
