2077 3139
824 104 1026 145 AANAH
1647 102 1675 153 7
1682 101 1713 153 9

295 243 367 311 ὥς
397 259 507 312 τοῖς
538 243 728 301 ἅπαισι
759 246 848 301 καὶ
880 243 1037 320 πόθῳ
1070 247 1421 318 δεδηγμένοις

294 334 510 386 παίδων
540 332 783 399 νεογνῶν
816 332 873 384 ἐν
905 327 1088 401 δόμοις
1122 334 1264 386 ἰδεῖν
1294 329 1445 401 φάος.

231 426 352 471 8101).
381 426 498 471 Flor.
529 426 610 483 75,
637 425 683 471 4.
734 441 796 471 vs.
825 426 854 472 3
881 417 1122 484 ποτάμιόν
1147 415 1202 470 θ’
1234 419 1363 481 ὕδωρ
1393 427 1582 472 coniecit
1608 426 1711 471 Mei·

127 496 299 554 nekius,
326 488 559 540 πλούσιον
587 489 741 549 θάλος
769 495 1162 551 Schneidewinus3
1190 496 1447 556 suspicabar
1473 497 1559 541 huc
1585 510 1710 555 spec—

127 574 220 609 tare
247 566 532 625 Hesychium:
569 557 829 609 πλούσιον’
867 560 1254 620 θαλασσιοειδές.
1305 561 1355 609 οἱ
1392 559 1441 609 δὲ
1476 557 1528 609 τὸ
1562 557 1707 619 ὕδωρ.

126 650 188 678 vs.
216 635 247 679 4
283 626 441 678 ἄλλων
467 625 506 678 τ’
548 636 803 680 Meinekius.
857 650 918 679 vs.
951 636 978 680 7
1007 625 1207 695 νεογνὸν
1235 660 1297 667 —-
1326 630 1449 679 ἰδεῖν
1485 626 1636 690 θάλος
1660 635 1708 681 F.

127 706 175 749 G.
205 704 490 750 Schmidtius.

866 782 969 834 319

293 872 380 926 καὶ
413 873 518 927 νῦν
548 873 799 942 παραινῶ
829 874 958 926 πᾶσι
988 886 1098 937 τοῖς
1129 873 1412 942 νεωτέροις

293 954 364 1025 μὴ
397 953 530 1025 πρὸς
560 954 618 1010 τὸ
649 960 819 1025 γῆρας
852 953 1124 1025 ἀναβολὰς
1156 959 1500 1027 ποιουμένοις

295 1044 459 1110 σχολῇ
492 1041 823 1093 τεκνοῦσθαι
854 1044 1076 1103 παῖδας·
1110 1036 1174 1094 οὐ
1205 1037 1307 1109 γὰρ
1339 1035 1530 1110 ἡδονή,

294 1127 518 1191 γυναικί
544 1118 593 1176 τ’
629 1121 828 1193 ἐχθρὸν
856 1124 1034 1194 χρῆμα
1065 1121 1373 1193 πρεσβύτης
1405 1120 1569 1193 ἀνήρ·

293 1202 410 1259 ἀλλ’
450 1200 521 1270 ὥς
553 1203 792 1276 τάχιστα.
835 1207 923 1260 καὶ
955 1204 1059 1277 γάρ
1093 1209 1348 1278 ἐκτροφαὶ
1381 1208 1540 1262 καλαὶ
1603 1222 1628 1261 5

293 1291 381 1343 καὶ
415 1287 726 1355 συννεάζων
755 1286 861 1359 ἡδὺ
893 1303 1019 1353 παῖς
1050 1292 1154 1364 νέῳ
1188 1297 1366 1360 πατρί.

229 1385 352 1430 Stob.
380 1385 499 1451 Flos.
530 1386 619 1443 71,
649 1387 693 1431 7.
724 1400 804 1445 γε.
834 1386 861 1430 2
888 1376 1134 1445 ἀναβολὰς
1160 1387 1345 1446 scripsi,
1380 1377 1492 1440 τούς
1526 1381 1709 1446 γάμους

125 1454 240 1500 libri.
295 1470 356 1498 vs.
390 1454 422 1499 4
459 1455 671 1500 delendus
706 1456 904 1513 videtur,
951 1463 1070 1501 certe
1111 1451 1197 1520 νέᾳ
1240 1453 1442 1517 γυναικί
1480 1457 1712 1502 dicendum

125 1532 237 1582 erat,
266 1525 381 1570 sicut
408 1524 460 1570 [Γ.
487 1524 601 1572 804.

289 1689 430 1762 γυνὴ
461 1690 562 1762 γὰρ
596 1695 895 1759 ἐξελθοῦσα
926 1691 1195 1768 πατρῴων
1229 1692 1410 1765 δόμων

289 1773 354 1830 οὐ
384 1779 497 1830 τῶν
526 1775 795 1832 τεκόντων
827 1779 991 1847 ἐστίν,
1025 1774 1159 1832 ἄλλα
1191 1781 1287 1832 τοῦ
1319 1779 1533 1849 λέχους·

288 1856 346 1913 τὸ
381 1856 431 1913 δ’
469 1856 634 1928 ἄρσεν
665 1855 846 1930 ἕστηκ’
882 1863 940 1915 ἐν
972 1859 1154 1932 δόμοις
1186 1856 1270 1917 ἀεὶ
1302 1863 1457 1932 γένος

289 1945 441 1997 θεῶν
477 1941 746 2017 πατρῴων
777 1945 864 1998 καὶ
890 1942 1080 2014 τάφων
1103 1943 1374 2015 τιμάορον.

227 2037 351 2084 Stob.
380 2038 499 2083 Flor.
532 2041 614 2097 77,
643 2041 689 2087 1.
728 2055 803 2093 γε.
836 2041 862 2085 1
892 2048 935 2086 ει
964 2041 990 2085 2
1020 2042 1152 2087 habet
1200 2041 1325 2087 Stob.
1354 2042 1469 2087 Flor.
1501 2042 1581 2100 73,
1612 2042 1690 2088 11.

866 2160 966 2212 321

289 2254 656 2320 συμμαρτυρῶ
689 2265 798 2306 σοι·
833 2253 1113 2322 πανταχοῦ
1145 2256 1479 2321 λελείμμεθα

290 2334 458 2386 πᾶσαι
487 2347 745 2402 γυναῖκες
777 2330 1028 2405 ἀρσένων
1059 2330 1142 2389 ἀεὶ
1178 2339 1313 2406 δίχα.

225 2426 350 2473 ΞωΙ).
380 2429 498 2474 Flor.
531 2429 611 2487 73,
639 2429 720 2475 22.

864 2509 967 2561 322

288 2592 392 2651 οὐκ
425 2603 571 2653 ἔστιν
601 2596 725 2652 οὔτε
755 2610 928 2668 τεῖχος
959 2597 1084 2653 οὔτε
1114 2596 1358 2670 χρήματα

287 2677 401 2735 οὔτ’
436 2678 566 2736 ἄλλο
600 2679 987 2751 δυσφύλακτον
1017 2678 1183 2738 οὐδὲν
1215 2681 1284 2747 ὡς
1315 2680 1472 2752 γυνή.

225 2774 496 2822 Stoh.F101-.
531 2777 621 2835 74,
652 2778 730 2824 13.
783 2778 897 2823 idem
935 2779 1059 2824 locus
1097 2793 1195 2825 cum
1231 2779 1434 2825 lemmate
1470 2768 1709 2833 Ἀλέξιδος

121 2843 258 2902 (Com.
290 2846 318 2891 3
344 2860 386 2906 p.
417 2846 532 2907 521)
561 2848 728 2906 legitur
759 2847 839 2905 73,
866 2847 950 2894 42.
