2077 3139
768 118 1069 159 ΑΛΚΜΕΩΝ
1660 116 1720 165 17

304 256 396 316 ὅθ’
431 257 624 331 ἅρματ’
664 261 976 330 εἰσέβαινεν
1008 264 1082 322 εἰς
1117 257 1302 328 Θήβας
1335 255 1448 314 ι’ω’ν.

240 358 425 401 Aristot.
464 356 826 413 Eth.Nic.3,1
855 355 1098 415 p.1110a
1134 355 1235 400 28:
1275 350 1379 398 ἔνια
1416 351 1455 396 ὁ
1492 349 1606 406 ἴσως
1632 343 1722 397 οὖν.

135 421 267 468 ἔστιν
291 417 691 497 ἀναγκασθῆναι,
718 414 837 467 ἄλλα
847 421 1046 497 μᾶλλον
1067 416 1399 468 ἀποθανετέον
1425 415 1640 466 παθόντι
1666 437 1723 465 τα

136 485 401 570 δεινότατα,
450 488 533 537 καὶ
559 484 650 553 γὰρ
678 483 760 537 τὸν
786 482 1065 551 Ευριπίδου
1087 483 1393 550 Ἀλκμαίωνα
1423 492 1584 551 γελοῖα
1610 488 1722 548 φαί-

134 578 265 608 νεται
292 579 349 607 τα
374 552 641 639 ἆναγκασα
633 578 714 606 κτα
741 560 1145 639 μητροκτονῆσαι
1181 562 1255 606 ubi
1281 562 1457 607 Scholia
1485 561 1720 606 1“01.391);

139 629 261 691 λέγει
295 646 387 706 γαρ
424 621 541 691 παρ’
570 621 659 675 αὐτ
666 631 705 694 ῷ
739 621 764 675 ὃ
795 623 1120 689 Ἀλκμαίων
1139 624 1342 690 μαλιστα
1367 656 1435 663 -
1461 622 1590 674 ἰών’.
1643 618 1723 672 (Sta

134 717 225 773 γαρ
251 716 433 745 τουτων
461 690 653 754 ἐντολας
679 701 766 745 τοῦ
791 691 971 760 πατρὸς
1008 696 1241 760 διηγεῖται
1287 716 1348 754 ως
1385 694 1722 756 ἐντειλαμένου

134 767 269 846 αυτῷ
293 762 576 815 ἀποκτεῖναι
601 784 692 827 την
718 766 898 829 μητέρα
933 785 1015 814 και
1043 765 1440 844 καταρασαμένου
1465 757 1644 825 αὐτοῦ,
1680 762 1724 811 εἰ

134 829 202 899 μὴ
229 829 508 903 ἀποκτείνῃ,
534 833 783 901 ακαρπιάν
806 854 854 884 τε
879 838 967 900 γῆς
993 834 1074 883 καὶ
1102 826 1342 884 ατεκνίαν.

893 946 955 996 71

302 1028 360 1098 ὃς
395 1039 669 1090 Οἰδίπουν
701 1031 976 1103 ἀπώλεσ’,
1012 1038 1280 1097 Οἰδίπους
1315 1030 1368 1087 δ’
1403 1033 1512 1103 ἐμέ,

304 1121 546 1187 χρυσοῦν
579 1115 815 1187 ἐνεγκών
846 1113 1016 1188 ὅρμον
1047 1122 1123 1181 εἰς
1138 1116 1373 1187 ’Ἄργους
1404 1114 1563 1171 πόλιν

240 1225 388 1272 Schol.
418 1227 539 1271 Pind.
567 1227 689 1271 Nem.
715 1226 764 1283 4,
793 1226 884 1271 32:
916 1216 1309 1284 Αμφιτρύωνος·
1335 1213 1444 1269 ἀντὶ
1470 1238 1720 1304 πατρωνυ-

132 1293 279 1354 μικοῦ
304 1293 391 1339 τοῦ
414 1285 869 1376 Ἀμφιτρυωνιαὸου
901 1320 968 1326 --
1007 1288 1071 1348 ὥς
1099 1289 1184 1339 ὁὲ
1188 1291 1390 1353 Ομηρος
1429 1289 1552 1354 λέγει
1572 1287 1719 1336 ‘Yns-

133 1361 294 1421 ρίονος
308 1354 515 1408 Ηελίοιο
541 1353 647 1408 αντὶ
676 1363 760 1408 τοῦ
776 1362 1112 1423 Τπεριονίδου,
1140 1359 1221 1407 καὶ
1248 1356 1571 1422 Ευριπίὸης
1589 1379 1718 1416 ος·-

133 1425 317 1478 πόλινῆ
368 1424 430 1477 οὗ
465 1448 556 1494 γαρ
593 1425 618 1478 ὃ
650 1426 931 1488 Οἰδίπους’
911 1449 992 1492 vive
998 1447 1084 1494 γκε
1110 1431 1322 1492 χρυσοῦν
1348 1423 1502 1493 όρμον
1529 1429 1593 1488 εἰς
1607 1425 1722 1487 ''A9-

131 1517 239 1563 γος,
276 1493 382 1546 ἀλλ’
425 1495 450 1547 ὁ
487 1501 794 1561 Πολυνείκης
827 1498 910 1547 καὶ
947 1499 1093 1549 ἕὸωκε
1099 1518 1126 1545 ν
1162 1494 1412 1566 Ἐριφυλῃ.
1467 1498 1593 1546 ἔστιν
1629 1502 1721 1547 οὐν

136 1567 453 1630 Οἰδιποὸίὸης
491 1569 541 1616 δέ
576 1587 646 1631 με.
697 1573 952 1618 Alcmaeoni
987 1575 1070 1618 hos
1106 1587 1261 1617 versus
1298 1571 1535 1632 adscripsit
1560 1574 1720 1617 Barne-

132 1643 244 1688 sius.
296 1657 356 1686 vs.
389 1643 413 1686 1
462 1650 579 1687 extat
615 1657 683 1702 ap.
722 1657 850 1687 anon.
890 1643 942 1687 de
980 1643 1105 1687 barb.
1143 1650 1186 1686 et
1222 1641 1389 1686 soloce.
1426 1657 1470 1700 p
1501 1641 1718 1699 291,11

133 1711 237 1755 edit.
266 1725 389 1757 meae
416 1710 594 1767 (Anecd.
624 1712 765 1756 Boiss.
796 1712 880 1757 vol.
905 1712 933 1758 3
960 1726 1003 1771 p
1026 1711 1165 1769 239):
1193 1706 1302 1773 περὶ
1330 1726 1386 1753 τα
1414 1706 1520 1768 εἴδη
1549 1710 1720 1771 (Gelon-

132 1772 423 1838 κίζουσιν),
412 1794 465 1835 ος
494 1807 554 1812 —-
583 1775 676 1839 ἐμέ.

897 1873 962 1923 72

270 1963 272 1967 ’
302 1957 433 2032 αἷμα
463 1960 565 2031 γὰρ
599 1962 695 2016 σὸν
725 1959 899 2033 μήτηρ
930 1959 1233 2027 απενίψατο

273 2060 531 2116 Anonymus
560 2059 601 2102 in
629 2059 790 2102 Anecd.
820 2058 956 2102 Oxon.
985 2056 1074 2102 vol.
1102 2057 1131 2103 3
1159 2070 1203 2113 p.
1237 2056 1362 2114 194,
1390 2057 1418 2104 3
1456 2057 1509 2102 de
1535 2073 1574 2101 v.
1600 2072 1648 2099 α
1637 2048 1721 2115 ἷμα

134 2127 382 2171 disserens:
421 2125 643 2171 τοιοῦτον
672 2123 723 2171 δέ
748 2142 791 2170 τι
821 2123 956 2170 δοκεῖ
972 2116 1024 2171 τό
1055 2139 1152 2185 παρ
1160 2115 1445 2199 Ἐὐριπίδῃ
1472 2121 1521 2168 ἐν
1547 2124 1627 2191 τῷ
1643 2118 1722 2170 διὰ

142 2191 381 2259 Ψωφῖδος
409 2187 731 2254 Ἀλκμαίωνι·
779 2186 902 2255 αἷμα
935 2189 1057 2270 γάρ,
1100 2192 1244 2255 φησί,
1290 2184 1376 2238 σὸν
1410 2187 1567 2254 μήτηρ
1603 2210 1720 2240 απε-

133 2281 181 2308 νι
176 2262 339 2322 ’ψατο-
378 2261 592 2311 τουτέστι
621 2255 863 2325 καθαρσει
888 2261 983 2309 τινὶ
1010 2255 1094 2309 τὸν
1119 2280 1203 2320 της
1230 2262 1578 2322 μητροκτονίας
1603 2279 1720 2309 απε-

133 2331 315 2393 νίψατο
341 2328 604 2393 μολνσμόν.
651 2342 811 2395 poetae
838 2335 967 2380 verba
993 2349 1082 2379 non
1117 2335 1306 2393 integra.

896 2441 962 2492 73

303 2526 472 2601 χαῖρ’,
505 2553 546 2584 ω
579 2530 791 2599 γεραιέ,
823 2527 922 2599 τήν
953 2551 1010 2584 τε
1041 2533 1177 2584 παῑὸ
1232 2552 1302 2599 ην
1335 2532 1441 2604 δῳς
1475 2532 1611 2600 ἐμοί,

301 2611 543 2683 γαμβρὸς
573 2617 776 2681 νομίζει
808 2614 897 2666 καὶ
929 2611 1108 2683 πατὴρ
1139 2610 1319 2683 σωτήρ
1350 2610 1398 2667 τ’
1437 2610 1573 2682 ἐμός.

239 2707 424 2753 Photius
451 2708 552 2753 Lex.
581 2724 625 2768 p.
651 2708 767 2758 410,
797 2708 825 2753 7
855 2715 899 2753 et
925 2707 1069 2753 Suid.:
1113 2698 1332 2766 πενθερα
1366 2705 1435 2770 τῷ
1469 2704 1665 2771 νυμφίῳ
1692 2696 1723 2766 ἦ

138 2776 222 2833 τῆς
255 2769 403 2835 κόρης
447 2771 606 2853 μήτηρ
648 2772 730 2821 καὶ
765 2768 1003 2836 πενθερὸς
1046 2767 1071 2821 ὁ
1118 2790 1301 2835 πατηρ·
1353 2774 1625 2833 Ευριπίὸης
1672 2771 1723 2822 δὲ

137 2836 358 2905 γαμβρὸν
391 2837 541 2892 αὐτὸν
576 2838 707 2908 παρὰ
744 2838 826 2902 τας
809 2851 878 2890 ειν
921 2841 1061 2906 λέγει.
1121 2836 1147 2890 ὃ
1192 2844 1314 2907 γοῦν
1343 2834 1619 2904 Ἀλκμαίων
1655 2843 1723 2911 τῷ

219 2923 355 2957 Em.
377 2931 463 2957 von.
486 2932 542 2957 m.
1364 2927 1390 2965 2
