2077 3139
313 120 412 172 146
776 108 779 109 ⁷
941 121 1248 164 οῙΔΙΠοΤΣ

947 261 1179 303 ΜΤΣοΙ
1209 260 1299 314 (ε)

416 349 701 395 Philodemus
728 349 782 396 de
807 351 915 410 piet.
943 364 986 409 p.
1015 349 1078 394 22
1108 349 1174 394 ed.
1204 349 1386 422 Gomp.:
1416 338 1744 411 [Εὖοιπῃδης
1770 339 1815 393 δ’
1855 342 1910 396 ἕν

311 415 536 482 Μυ[σοῐς
563 414 666 483 καὶ]
696 410 782 464 τὸν
810 416 905 464 Δία
932 413 1013 462 καὶ
1040 407 1308 482 [ουροινὸ]ν
1341 409 1562 478 ἡλιωπόν
1591 414 1794 481 (λέγει).
1846 420 1909 466 ita

313 489 578 535 lacunosum
603 489 753 535 locum
780 491 957 535 restitui
983 490 1124 534 voluit
1151 490 1230 534 Th.
1260 489 1564 549 Gomperzius.
1599 489 1908 536 Philodemum

312 562 358 605 in
384 562 566 606 nornine
592 559 769 605 fabulae
798 574 973 605 errasse
1000 557 1251 604 Dindorfius
1278 561 1548 620 suspicatur.

936 696 1288 738 ΟΙΔΙΠΟΤΣ

417 785 634 831 Iohannes
660 785 756 830 Mal.
792 783 960 846 p.53‚
1001 783 1091 829 12.
1127 772 1152 828 ὁ
1188 797 1282 844 γαρ
1317 795 1597 842 σοφωτατος
1632 773 1911 867 Ειῦριπίὸης

313 868 580 914 ποιητικως
619 849 806 910 ἐξέθετο
845 849 1005 913 δρᾶμα
1039 849 1151 914 περὶ
1186 852 1274 898 τοῦ
1303 850 1564 909 Οἰδίποδος
1599 849 1682 898 καὶ
1719 852 1806 912 τῆς
1825 852 1910 898 Io-

313 938 493 985 καστης
519 920 601 969 καὶ
627 924 713 983 τῆς
734 918 971 984 Σφιγγός.
1021 939 1236 970 summam
1264 927 1514 984 argumenti
1543 939 1697 970 omnes
1725 931 1910 983 norunt,

315 996 422 1056 quid
457 997 635 1041 novarit
673 995 904 1055 Euripides
945 1000 989 1039 et
1018 1009 1150 1054 quam
1177 995 1520 1054 dispositionem
1547 996 1798 1040 instituerit
1834 1009 1910 1054 pa·

314 1080 414 1111 rum
455 1072 646 1112 constat.
718 1065 865 1124 Vnger
910 1065 1014 1110 huic
1066 1063 1242 1109 fabulae
1295 1065 1605 1110 vindicandum
1655 1066 1913 1126 suspicatur

313 1135 452 1251 ¹Goph.
490 1136 545 1181 fr.
577 1136 705 1195 663,
742 1134 987 1180 Meinekius
1023 1134 1174 1195 adesp.
1211 1134 1268 1180 sr.
1300 1135 1396 1181 107
1427 1143 1471 1180 et
1498 1134 1625 1194 309,
1660 1135 1735 1180 alii
1761 1135 1911 1195 adesp.

334 1221 371 1251 r.
401 1207 448 1253 6.

1069 1269 1174 1322 544

482 1360 655 1432 οὐρὰν
684 1356 911 1416 ὑπίλασ’
945 1357 1053 1415 ὑπὸ
1085 1357 1421 1416 λεοντόπουν
1451 1358 1615 1432 βάσιν

483 1448 738 1514 καθέζετο

422 1543 632 1588 Aelianus
666 1543 716 1588 N.
748 1547 794 1588 A.
827 1543 916 1598 12,
954 1543 1007 1588 7:
1047 1532 1190 1587 τοῦτό
1224 1555 1297 1586 τοι
1332 1537 1416 1586 καὶ
1453 1531 1733 1601 Εὐοιπίόης
1767 1534 1914 1587 ὑπαι·

317 1609 522 1658 vinem
579 1608 789 1674 λέγων
805 1604 957 1668 οὐρὰν
1002 1637 1065 1644 -—
1114 1608 1392 1666 καθέζετο’.
1478 1612 1715 1657 Erotianus
1766 1611 1913 1658 Gloss.

319 1683 530 1743 Hippoer.
559 1699 601 1744 p.
621 1683 738 1742 130,
758 1683 811 1729 7:
838 1674 1076 1728 ὑπείλλει·
1104 1670 1413 1743 ὑποστρέφει,
1443 1670 1507 1736 ὥς
1534 1678 1616 1726 καὶ
1633 1673 1915 1740 Εὐριπίδης

319 1748 370 1797 ἐν
409 1750 637 1798 Οιὸίποόι
671 1751 823 1812 φησίν
869 1744 1053 1815 εοὐοαν
1082 1778 1144 1785 -
1172 1746 1366 1813 βάσινζ
1426 1754 1526 1798 Am
1554 1752 1626 1797 XV
1660 1767 1702 1813 p.
1734 1753 1830 1799 701
1860 1753 1914 1798 Β.

319 1817 403 1868 καὶ
429 1812 554 1868 ταῦτ’
585 1815 734 1869 εἰπών
762 1813 947 1900 οὗροιν
975 1849 1038 1856 -
1065 1814 1161 1868 ὑπὸ
1188 1817 1360 1884 βάσιν’
1398 1812 1644 1881 ὑπεξῆλθε
1682 1820 1770 1867 τοῦ
1796 1835 1913 1882 συμ-

320 1890 507 1940 ποσίου.
557 1909 622 1941 vs.
651 1895 677 1940 1
707 1909 860 1954 ουραν
890 1885 934 1938 δ
965 1895 1061 1940 Ael.

1074 1987 1178 2040 545

490 2073 644 2150 ἡμεῖς
677 2078 738 2134 δὲ
769 2076 1032 2148 Πολύβου
1064 2073 1218 2132 παῖδ’
1256 2079 1559 2148 ἐρείσαντες
1590 2078 1741 2152 πέδῳ

492 2165 895 2234 ἐξομματοῦμεν
925 2185 1014 2217 και
1049 2160 1344 2233 διόλλυμεν
1375 2158 1554 2233 κόρας.

428 2259 575 2306 Schol.
605 2261 706 2305 Eur.
735 2261 901 2306 Phoen.
929 2260 1019 2337 61ε
1061 2253 1111 2303 ἐν
1139 2253 1190 2304 δὲ
1215 2256 1283 2322 τῷ
1313 2253 1540 2302 Οἰδίποδι
1564 2253 1617 2302 οἵ
1637 2254 1804 2302 Λαΐου
1829 2256 1915 2300 θε-

325 2344 601 2390 ραποντεςε
584 2324 868 2389 ἐτυφλωσαν
893 2320 1045 2375 αὐτόν
1076 2327 1393 2391 (Oedipum)·‘
1407 2316 1547 2388 ἡμεῖς
1574 2352 1637 2361 —
1665 2319 1863 2389 xooag'.

1076 2466 1180 2518 546

493 2552 643 2612 οὔτοι
674 2554 912 2628 νόμισμα
944 2553 1135 2622 λευκὸς
1166 2553 1403 2628 ἄογυρος
1434 2552 1605 2626 μόνον

496 2641 586 2695 καὶ
618 2639 816 2712 χουσός
851 2645 1025 2711 ἐστιν,
1057 2638 1194 2695 ἀλλὰ
1227 2635 1421 2711 χᾶρετη
1452 2644 1665 2709 βροτοῖς

493 2723 729 2796 νόμισμα
759 2738 933 2780 κεῖται
964 2729 1163 2793 πᾶσιν,
1196 2724 1229 2796 ᾖ
1261 2729 1500 2796 χρῆσθαι
1530 2718 1720 2793 χρεών.

431 2819 557 2868 Stob.
603 2822 720 2867 Flor.
768 2822 822 2881 l,
870 2822 923 2868 3.
968 2811 1244 2882 Εὐριπίδου
1290 2815 1564 2873 Οἰδίποδος.
1640 2808 1808 2861 οὗτοι
1849 2839 1920 2850 --

328 2884 530 2954 χρεών’.
584 2883 763 2938 eosdem
790 2907 946 2938 versus
973 2892 1106 2937 habet
1143 2892 1278 2938 Orion
1304 2890 1424 2936 Fior.
1452 2890 1606 2950 Eurip.
1635 2887 1702 2935 20
1727 2903 1772 2950 p.
1800 2886 1918 2946 266,

776 3032 799 3048 ἱ
