2077 3139
606 128 977 170 FABVLARVM
998 127 1217 170 FRAGM.
1472 155 1476 158 -
1608 125 1710 178 253

289 268 435 342 τήκω
465 267 728 326 τάλαιναν
759 275 991 339 καρδίαν
1021 268 1277 344 ὀρρωδίᾳ.

289 361 345 410 τί
371 357 531 410 τοῦτο
565 352 631 421 δὴ
661 351 718 409 τὸ
752 352 1010 425 χρηστόν;
1043 353 1144 411 οὐκ
1174 352 1336 423 ἀρκεῖ
1361 360 1491 475 μίαν

775 434 1071 458 000000

229 535 429 580 Clemens
458 533 579 578 Alex.
608 534 696 579 Str.
725 534 777 578 111
804 549 846 593 p
874 534 1000 582 520:
1037 529 1159 594 λέγει
1185 529 1276 594 γὰρ
1302 527 1331 593 ἡ
1363 530 1647 597 τραγῳδία
1660 523 1710 578 τὸ

125 593 191 663 μὴ
219 630 280 636 -
309 598 487 657 πόνους
504 605 531 648 ’.
581 603 803 677 Euripidis
831 618 928 648 esse
964 603 1110 648 locum
1138 605 1267 649 docet
1295 603 1562 649 8101119101·
1596 603 1710 662 120,

131 675 217 719 17:
246 663 534 733 Εὐριπίδου.
585 662 666 716 ‘16
703 662 777 750 μὴ,
758 667 1118 732 7—ss90150133’
1148 673 1227 731 (vs.
1261 670 1320 735 1).
1372 689 1434 718 vs.
1467 677 1489 719 1
1521 672 1711 734 βροτοῖς

123 743 290 789 malim.
340 759 401 788 vs.
429 743 459 789 3
485 735 727 802 ἄφρονας]
757 734 961 798 ἄρσενας
989 744 1190 802 Maduig.

868 863 964 914 901

292 949 556 1024 οὐδεμίαν
587 951 763 1023 ὤνησε
794 951 987 1018 κάλλος
1020 957 1096 1018 εἰς
1128 952 1290 1009 πόσιν
1321 951 1608 1024 ξυνάορον,

294 1032 458 1105 ἁρετὴ
494 1035 538 1091 δ’
577 1034 754 1107 ὤνησε
785 1036 1010 1102 πολλάς·
1044 1043 1192 1092 πᾶσα
1222 1034 1324 1108 γάρ
1356 1035 1539 1107 ἀγαθὴ
1570 1035 1712 1108 γυνὴ

291 1117 404 1191 ἥτις
436 1117 600 1189 ἀνδρὶ
631 1126 926 1190 συντέτηκε
959 1134 1273 1191 σωφρονεῖν
1305 1123 1597 1176 ἐπίσταται.

294 1207 479 1272 πρώτα
521 1206 620 1274 μέν
660 1226 722 1274 γε
763 1203 919 1260 τοῦθ’
965 1204 1222 1276 ὑπάρχει·
1265 1200 1366 1260 κάν
1406 1196 1713 1277 ἅμορφοςῇ

1292 1287 1466 1358 πόσις,

293 1370 394 1442 χρὴ
429 1375 612 1459 δοκεῖν
655 1368 933 1449 εὔμορφον
975 1370 1114 1428 εἶναι
1145 1374 1211 1445 τῇ
1249 1394 1309 1442 γε
1349 1374 1484 1427 νοῦν
1523 1393 1710 1443 κεκτη-

1293 1457 1454 1528 μένῃ
1689 1473 1713 1511 5

290 1536 357 1593 οὐ
390 1538 491 1608 γὰρ
522 1536 810 1610 ὀφθαλμὸς
840 1536 896 1594 τὸ
930 1545 1174 1607 κρίνειν.
1199 1541 1384 1595 ,ἐστὶν
1407 1535 1544 1594 ἄλλα
1566 1542 1711 1603 νοῦς.

295 1612 359 1677 εὖ
389 1623 568 1692 λέγειν
600 1621 676 1693 δ’,
710 1620 841 1678 ὅταν
872 1647 920 1677 τι
954 1626 1096 1694 λέξη,
1127 1623 1229 1696 χρὴ
1264 1628 1473 1693 δοκεῖν,
1507 1619 1609 1678 κᾶν
1640 1620 1711 1695 μὴ

1296 1710 1446 1779 λέγῃ)

292 1786 591 1845 κάκπονεῖν
638 1786 705 1845 ἄν
755 1792 829 1864 τῷ
881 1789 1098 1856 ξυνόντι
1150 1789 1282 1861 πρὸς
1334 1793 1494 1862 χάριν
1544 1793 1712 1863 μέλλῃ

1295 1878 1487 1945 λέγειν.

292 1954 401 2028 ἡδὺ
443 1952 516 2025 δ’,
567 1951 636 2026 ἢν
675 1957 841 2012 κακὸν
893 1955 1047 2029 πάθῃ
1089 1982 1166 2028 τι,
1221 1957 1708 2027 συσκυθρωπάζειι

1295 2041 1449 2097 πόσει

293 2119 491 2195 ἄλοχον
553 2126 611 2179 ἐν
663 2127 830 2199 κοινῷ
879 2149 936 2181 τε
988 2124 1160 2196 λύπης
1212 2122 1414 2197 ἡδονῆς
1466 2124 1512 2180 τ’
1571 2134 1715 2198 ἔχειν

1295 2213 1456 2281 μέρος
1484 2253 1493 2263 .
1523 2256 1531 2264 .
1561 2258 1569 2266 .
1664 2225 1716 2267 10

295 2291 380 2344 σοὶ
414 2288 456 2344 δ’
490 2295 658 2361 ἔγωγε
690 2294 779 2347 καὶ
810 2299 1065 2348 νοσοῦντι
1095 2291 1420 2349 συννοσοῦσ’
1456 2290 1712 2365 ἀνέξομαι

294 2374 384 2428 καὶ
416 2377 598 2428 κακῶν
638 2378 747 2431 τών
779 2381 891 2431 σῶν
922 2379 1188 2446 ξυνοίσω,
1230 2375 1431 2432 κούδέν
1472 2379 1588 2432 ἐστί
1620 2401 1711 2449 μοι

1297 2459 1506 2529 πικρόν.

294 2539 428 2612 μετὰ
458 2540 559 2610 γὰρ
587 2587 594 2596 .
623 2585 634 2597 .
666 2545 774 2597 τῶν
805 2550 985 2614 φίλων
1017 2589 1178 2599 .....
1214 2541 1465 2617 εὐτυχεῖν

298 2628 591 2696 δυστυχεῖν
630 2647 687 2680 τε
737 2626 864 2698 χρή·
918 2633 975 2682 τί
1010 2625 1113 2697 γὰρ
1159 2627 1225 2699 δὴ
1266 2627 1323 2683 τὸ
1375 2634 1538 2699 φίλον
1581 2625 1713 2684 ἄλλο

1296 2711 1439 2782 πλὴν
1467 2711 1617 2779 τόδε;

233 2805 434 2851 Clemens
467 2806 588 2851 Alex.
624 2806 788 2852 Strom.
827 2807 877 2851 lV
919 2822 961 2867 p.
1009 2809 1109 2856 620
1153 2824 1242 2869 sq.:
1287 2806 1554 2867 φίλανδροι
1596 2799 1712 2866 μετὰ

126 2868 415 2934 σεμνότητος
440 2866 716 2937 ὑπογράφει
741 2877 953 2938 γυιαῖκα
974 2870 1247 2938 Εὐριπίδης
1273 2877 1528 2936 παραινῶν
1553 2867 1714 2924 εευλο·
