2077 3139
328 143 432 196 250
944 139 1342 183 INCERTARVM

329 302 420 348 γαρ
458 280 574 343 ἐρᾶν
609 276 795 345 ὄμβρου
827 285 972 345 γαῖαν
1008 279 1061 328 οἵ
1092 277 1286 342 ποιηταὶ
1325 278 1515 344 λέγουσι
1543 277 1623 328 καὶ
1659 279 1749 343 γῆς
1773 273 1919 339 οὖρα-

331 373 433 401 νον.
484 357 655 401 Marcus
685 359 848 400 Anton.
878 355 960 429 10,
988 353 1078 399 21;
1106 347 1193 418 ἐρᾷ
1218 348 1305 411 μὲν
1332 345 1522 435 όμβρου
1547 353 1681 414 γαῖα,
1710 347 1795 417 ε’ρᾷ
1821 348 1872 399 δὲ
1895 341 1920 398 6

328 439 376 471 σε
383 419 501 485 μυὸς
526 417 702 485 αἰθηρ,
730 419 815 488 ἕρᾷ
842 416 942 471 δὲ
920 440 944 470 ο
972 418 1148 483 κόσμος
1174 424 1334 468 ποιεῖν
1359 415 1387 469 ὃ
1413 439 1473 468 αν
1499 419 1648 503 μέλλῃ
1674 420 1918 483 γίνεσθαι.

329 497 480 542 Schol.
506 495 604 541 Hes.
621 496 792 555 Theog.
809 495 932 542 138:
963 490 1140 541 Μέναι
1148 489 1301 553 δροςε
1314 488 1402 559 ἐρᾷ
1426 488 1514 552 μὲν
1534 485 1733 553 όμβρων
1758 491 1920 554 γαῖαῆ

328 583 395 613 vs.
426 567 454 613 6
492 567 692 625 spurium
732 566 894 611 iudicat
931 565 1009 610 Th.
1048 565 1350 624 Gomperzius.
1402 579 1462 610 vs
1493 564 1593 610 9—
1600 562 1664 609 14
1701 578 1751 609 ex
1788 564 1923 609 Athe-

328 649 443 682 naeo
482 635 732 696 ᾶοευωρείῑ
766 635 889 680 Eust.
918 635 965 680 ΙΙ.
1004 649 1049 712 p.
1079 635 1206 693 978,
1235 634 1315 681 23.
1366 649 1427 679 vs.
1459 634 1520 679 12
1559 626 1794 696 φύουσιν]
1821 629 1920 677 τίκ-

327 717 496 751 τουσιν
522 705 645 752 Stoh.
697 700 777 749 καὶ
815 693 1073 768 τρέφουσ]
1111 695 1285 762 κᾶκτρε
1280 695 1433 762 ’φουσ
1475 704 1601 750 Stob.
1659 719 1720 750 vs.
1751 704 1812 750 13
1852 690 1917 748 δι

330 762 419 838 ων]
444 766 566 822 όθεν
592 770 674 820 καὶ
702 775 826 821 Stob.

1081 882 1180 934 891

498 983 552 1031 εἴ
575 998 663 1046 μοι
693 973 752 1030 τὸ
785 971 1117 1042 Νεστόρειον
1150 969 1467 1043 εὔγλωσσον
1497 973 1657 1043 μέλος

491 1055 811 1128 Ἀντήνορός
843 1080 899 1112 τε
930 1062 1025 1112 τοῦ
1059 1053 1278 1127 Φρυγὸς
1311 1061 1432 1127 δοίη
1463 1053 1611 1126 θεός,

494 1141 597 1198 οὐκ
628 1139 697 1198 ἂν
729 1147 1007 1213 δυναίμην
1037 1139 1110 1212 μὴ
1142 1143 1401 1211 στέγοντα
1432 1137 1757 1210 πιμπλάναι,

494 1225 699 1298 σοφοὺς
733 1228 1014 1282 ἐπαντλῶν
1045 1222 1207 1295 ανδρὶ
1238 1224 1310 1297 μὴ
1345 1227 1496 1298 σοφῷ
1530 1222 1739 1295 λόγους.

430 1324 530 1369 Alh
558 1324 630 1369 XV
664 1339 705 1385 p
733 1324 910 1371 665A:
951 1318 1031 1366 ‘el'
1058 1336 1138 1380 μοι
1169 1348 1230 1355 -
1272 1319 1380 1380 δοίη
1419 1317 1565 1377 θεός’
1603 1320 1683 1379 (vs.
1724 1321 1749 1365 1
1792 1327 1835 1365 et
1866 1317 1919 1395 2)

325 1408 450 1438 κατα
476 1384 561 1438 τὸν
587 1406 845 1471 πανσοφον
873 1384 1171 1450 Εὐριπίδην.
1203 1386 1361 1452 ἑταῖρε
1391 1383 1711 1451 Τιμόκρατες.
1740 1378 1830 1434 οὐκ
1858 1405 1922 1434 αν

327 1459 569 1522 δυναίμην
604 1452 1031 1523 αποιιννημονεύειι
1070 1458 1138 1507 ἔτι
1174 1473 1247 1507 σοι
1275 1461 1368 1508 τῶν
1404 1454 1638 1516 πολλάκις
1675 1455 1920 1519 λεχθένων

325 1528 424 1580 κτὲ.
475 1535 595 1579 Eust.
625 1535 671 1579 11.
701 1549 743 1593 p.
775 1534 935 1592 1301,
963 1533 1054 1580 33.
1092 1526 1173 1576 καὶ
1202 1528 1345 1591 δηλοῖ
1374 1520 1494 1576 αύτο
1530 1546 1610 1575 και
1642 1523 1919 1588 Εὐριπίδης

325 1595 474 1648 εἰπών
508 1600 590 1648 εἴ
618 1619 727 1663 μοι,
765 1596 918 1664 ἤγουν
945 1599 1055 1647 εἴθε
1091 1617 1197 1662 μοι,
1236 1593 1287 1646 τὸ
1315 1602 1389 1648 Νε
1371 1596 1614 1661 εστόρειον
1650 1591 1919 1661 εἰγλωττον

327 1700 389 1706 -
420 1666 580 1728 θεόςῆ
636 1690 697 1719 vs.
726 1674 754 1720 3
795 1672 924 1731 et4,
968 1688 1081 1732 quos
1119 1673 1282 1732 Musgr.
1323 1673 1409 1717 huc
1446 1672 1645 1728 rettulit,
1684 1677 1919 1716 servarunt

324 1744 440 1789 Plut.
471 1744 579 1789 Mor.
608 1759 650 1804 p.
681 1744 779 1790 502
804 1745 831 1789 C
871 1750 914 1788 et
941 1743 1062 1788 Stob.
1092 1743 1209 1787 Flor.
1218 1710 1297 1800 04,
1327 1742 1406 1790 30.
1460 1756 1524 1786 VS.
1555 1743 1579 1786 1
1622 1741 1814 1786 fortasse
1844 1735 1927 1784 κεῖ

322 1829 404 1874 μοι
435 1815 687 1875 legendum.
740 1807 898 1875 μέλος]
931 1808 1036 1872 μέλι
1065 1814 1316 1858 Barnesius.

1063 1948 1165 2000 892

491 2036 690 2110 ὤφειλε
724 2042 917 2110 δῆθεν,
952 2045 1104 2107 εἴπερ
1138 2035 1238 2093 ἔστ’
1276 2039 1333 2094 ἐν
1364 2034 1582 2111 οὐρανῷ

491 2123 651 2193 Ζεύς,
684 2122 756 2195 μὴ
789 2121 882 2178 τὸν
916 2119 1081 2177 αὐτὸν
1115 2123 1357 2193 δυστυχῆ
1387 2117 1735 2176 καθεστάναι.

426 2221 700 2301 Athenagor
729 2221 883 2280 Legat.
909 2233 992 2293 pro
1021 2218 1181 2264 Christ.
1212 2233 1246 2264 c.
1277 2220 1305 2264 5
1343 2233 1385 2277 p.
1416 2217 1504 2262 22·
1541 2207 1565 2261 6
1594 2211 1681 2275 μὲν
1709 2203 1915 2276 Ευριπί-

323 2284 410 2346 δης
454 2284 531 2334 ἐπι
571 2285 658 2349 μὲν
702 2290 796 2334 τῶν
841 2305 962 2333 κατα
1006 2276 1183 2347 κοινὴν
1221 2281 1474 2345 πρόληψιν
1514 2280 1915 2345 αιεπιστημόνως

323 2347 694 2418 ονομαζομένων
728 2357 864 2404 θεῶν
902 2356 1146 2415 διαπορῶι
1183 2351 1422 2416 εω’φειλεν
1455 2382 1524 2391 —
1560 2348 1911 2402 καθεστάναι’.

322 2444 386 2475 vs.
417 2429 445 2475 2
474 2419 557 2475 τὸν
584 2420 761 2494 αὐτὸν]
790 2445 874 2474 τον
901 2418 1080 2475 ἐσθλον
1106 2429 1453 2473 Ηείωεοοῑῆἰυς.

1075 2562 1176 2616 893

489 2656 602 2718 πῶς
635 2644 740 2710 οὖν
769 2651 890 2709 τάδ’
929 2655 1249 2723 εἰσορῶντες
1280 2646 1313 2723 ἢ
1345 2655 1496 2708 θεῶν
1526 2652 1683 2722 γένος

491 2737 632 2794 εἶναι
663 2739 907 2810 λέγωμεν
938 2733 970 2809 ἢ
1001 2735 1213 2809 νόμοισι
1243 2734 1533 2808 χρώμεθα;

425 2836 733 2894 Athenagoras
770 2835 924 2894 Legat.
962 2849 1043 2894 pro
1080 2833 1243 2879 Christ.
1280 2847 1316 2878 c.
1355 2832 1420 2878 25
1457 2847 1497 2892 p.
1536 2830 1659 2878 134:
1704 2821 1756 2874 τὸ
1791 2821 1910 2886 παρ’

319 2896 492 2949 ἐλπίδα
519 2899 600 2949 καὶ
641 2900 783 2962 δίκην
818 2895 875 2948 εὖ
900 2918 1130 2965 πραττειν
1157 2890 1188 2962 ἦ
1215 2900 1380 2956 κακῶς
1407 2895 1457 2945 ἕν
1495 2893 1682 2965 αφασιή
1708 2890 1792 2946 τὸν
1818 2889 1915 2945 Ευ-
