2077 3139
755 96 1135 138 MEAANmnH
1659 95 1752 147 131

174 228 300 283 υπο’
343 234 419 300 (v.s
460 237 523 297 1).
588 236 730 292 οὗτος
767 227 791 281 6
827 233 984 296 στίχος
1019 232 1072 283 ἐν
1107 232 1248 282 δυσὶν
1282 228 1481 297 εὕρηται
1519 229 1757 298 δραμασιν

174 297 476 368 Ευριπίὸου,
506 303 558 352 ἔν
581 321 630 352 τε
656 305 725 371 τῷ
751 303 993 370 λεγομένῳ
1016 304 1239 370 Πειρίθῳ
1267 308 1338 365 (fr.
1368 308 1493 365 594,
1519 306 1569 366 4)
1596 303 1679 351 καὶ
1706 303 1758 352 ἐν

172 375 231 441 τῇ
252 377 396 452 σοφῇ
424 374 742 440 Μελανίππῃ.
769 401 837 410 —
875 391 926 421 εν
961 371 1011 422 δὲ
1047 374 1104 438 τῇ
1141 374 1446 469 Μελανίππῃ
1480 388 1757 439 παρεισαγει

173 440 356 506 ταύτην
391 441 828 508 προοιμιαζομένην
868 434 1018 500 (Ζευς
1050 472 1121 479 -
1154 443 1365 491 ε”τικτεν
1454 462 1515 491 vs.
1556 448 1581 492 1
1627 448 1759 492 hahet

173 521 245 562 Ar.
275 518 379 562 Ran.
409 516 566 574 1244,
594 517 669 562 ubi
697 516 869 561 Schol.:
906 514 1237 577 Μελανίππης
1262 514 1346 575 τῆς
1373 481 1528 574 σοφῆς
1561 509 1592 575 ἡ
1617 531 1757 576 αρχη.

175 589 280 631 item
306 587 421 631 Plut.
450 586 555 631 Mor.
595 601 640 646 p.
672 586 770 632 756
799 586 828 630 C
855 586 968 644 (vide
997 586 1051 631 sr.
1081 586 1200 644 483)
1230 593 1275 632 et
1300 587 1603 645 Hermogenes
1629 587 1755 632 Rhet.

176 657 260 701 vol.
290 656 318 702 3
347 671 388 716 p.
419 655 533 702 434.

918 747 1022 800 485

340 835 376 907 ἢ
404 839 590 908 πρῶτα
620 836 720 908 μὲν
750 835 814 892 τὰ
843 846 973 893 θεῖα
1005 834 1490 908 προυμαντεύσατο

337 934 627 992 χρησμοῖσι
657 922 889 991 σαφέσιν
920 917 1163 994 ἀστέρων
1196 919 1269 976 ἐπ’
1305 919 1556 986 ἀντολαῐς

276 1031 476 1076 Clemens
502 1031 623 1075 Alex.
653 1031 817 1076 Strom.
844 1032 947 1124 Ip.e
960 1031 1083 1077 3:61
1119 1031 1357 1107 μαρτυρεῖ
1374 1026 1456 1075 καὶ
1484 1022 1761 1109 Εὐριπίδης

172 1095 279 1158 περὶ
315 1100 399 1158 τῆς
422 1091 629 1154 Ἵππους
668 1093 761 1146 ὧδέ
794 1114 896 1154 πως
934 1091 995 1159 (ἡ
1029 1099 1198 1162 πρῶτα
1224 1126 1294 1133 —
1317 1091 1587 1155 ἇντολαῖς’.
1639 1103 1760 1147 simi-

173 1171 276 1215 liter
304 1170 492 1230 6)Γὶ11ιι5
520 1184 556 1215 c
586 1170 740 1216 Iulian.
768 1171 822 1215 lv
845 1185 890 1230 p.
920 1170 1072 1216 1343.
1124 1171 1272 1216 locum
1299 1171 1386 1216 huc
1411 1171 1587 1217 rettulit
1613 1171 1761 1217 Valck.

174 1242 216 1285 in
242 1240 342 1284 Eur.
372 1240 537 1285 Phoen.
567 1239 680 1287 506.

920 1331 1022 1383 486

338 1420 433 1476 τὸν
465 1417 508 1475 6'
543 1418 682 1493 ἀμφὶ
713 1422 845 1491 βοῦς
879 1422 1105 1493 ῥιφέντα
1136 1418 1378 1478 Βοιωτὸν
1411 1429 1600 1478 καλεῖν

275 1531 525 1592 Stephanus
563 1533 662 1591 Byz.
699 1547 738 1577 v.
768 1529 976 1576 Βοιωτία
1011 1547 1054 1592 p.
1096 1533 1320 1590 173,17
1359 1532 1411 1577 de
1446 1533 1637 1578 Boeoto:
1674 1527 1759 1577 καὶ

171 1589 483 1683 Εὐριπίδης(
499 1595 582 1647 τὸν
604 1626 676 1634 ——
699 1602 904 1645 xakslv'.
959 1601 1080 1647 Eust.
1109 1605 1153 1647 in
1180 1603 1356 1682 Di011y5.
1385 1603 1431 1646 P.
1446 1602 1545 1648 426
1575 1617 1618 1662 p.
1642 1603 1759 1660 178,

176 1671 261 1718 13:
302 1666 349 1728 εξ
381 1669 439 1716 οὐ
474 1666 555 1715 καὶ
582 1660 634 1715 τὸ
660 1664 817 1732 ὄνομα
852 1667 985 1730 ε’σχεν
1024 1663 1085 1726 ὡς
1122 1666 1282 1733 ριφεὶς
1317 1668 1442 1731 ἀμφὶ
1478 1686 1591 1726 τους
1625 1666 1758 1733 βόας.

172 1737 413 1803 ῥιφθέντα
441 1740 587 1786 Valck.

915 1834 1017 1886 487

274 1923 596 2019 Aristophanes
632 1923 820 1984 Lysistr.
864 1924 888 1968 1
899 1924 922 1968 1
933 1923 1020 1968 24:

422 1997 516 2083 ἐγὼ
539 1996 664 2067 γυνὴ
690 2002 776 2065 μέν
802 2003 930 2081 εἰμι,
939 2005 1057 2062 νοῦς
1085 1997 1128 2051 6'
1160 2002 1320 2053 ε’νεστί
1341 2021 1450 2068 μοι·

418 2065 540 2136 αὐτὴ
569 2070 614 2119 6'
644 2071 850 2136 ἐμαυτῆς
876 2064 934 2121 οὗ
961 2074 1124 2132 κακῶς
1149 2092 1346 2139 γνωμης
1374 2073 1487 2137 ε’χω·

419 2159 532 2202 τους
561 2134 603 2190 6
635 2143 685 2191 ἐκ
712 2140 896 2207 πατρός
921 2161 969 2191 τε
995 2142 1078 2190 καὶ
1104 2145 1397 2209 γεραιτέρων
1424 2139 1590 2208 λόγους

422 2206 629 2271 πολλους
658 2206 893 2261 ἇκούσασ’
924 2205 981 2261 οὗ
1007 2211 1320 2277 μεμούσωμαι
1345 2215 1523 2271 κακῶς.

169 2299 319 2347 Schol.
356 2301 408 2345 de
445 2315 507 2346 v.s
548 2300 678 2346 1125
718 2308 954 2346 annotant:
991 2290 1016 2344 6
1055 2298 1213 2359 στίχος
1252 2298 1330 2360 (οἵ
1350 2298 1502 2359 στίχοι
1536 2297 1662 2361 Put.)
1702 2294 1753 2344 ἐκ

169 2369 325 2429 σοφῆς
371 2367 704 2428 Μελανίππης
740 2363 1029 2431 Ευριπίδου.
1091 2372 1298 2416 videntur
1344 2379 1559 2431 quattuor
1602 2384 1755 2415 versus

171 2441 289 2486 allati
327 2447 402 2485 aut
439 2440 664 2500 desumpti
703 2454 801 2486 esse
828 2455 879 2486 ex
905 2440 1113 2500 Euripide
1141 2449 1214 2485 aut
1249 2441 1301 2486 ad
1337 2441 1584 2500 exemplum
1624 2440 1755 2484 huius

169 2518 327 2570 poetae
353 2511 606 2570 compositi.
660 2524 721 2555 vs.
752 2511 778 2555 1
816 2508 974 2569 μοῦσα
1010 2502 1052 2554 ὸ’
1087 2505 1186 2554 ἔστι
1211 2523 1292 2570 μοι
1320 2510 1477 2556 Suidas
1503 2525 1540 2554 v.
1568 2521 1752 2569 μουσω-

172 2577 334 2640 θῆναι.

915 2658 1018 2710 488

338 2746 471 2804 κούκ
504 2746 626 2820 ε’μός
656 2747 683 2804 6
714 2749 910 2820 μυθος,
942 2744 1056 2803 ἀλλ’
1093 2751 1218 2821 ε’μῆς
1249 2746 1446 2820 μητρὸς
1477 2769 1642 2818 παρα,

340 2830 410 2898 ὡς
441 2830 676 2906 οὐρανός
706 2855 764 2888 τε
793 2830 921 2902 γαῖά
952 2829 991 2887 τ’
1028 2823 1095 2904 ῆν
1125 2831 1306 2906 μορφὴ
1337 2839 1459 2904 μι’·α

1363 2924 1421 2967 9²⁵
