2077 3139
834 91 1000 132 ATI'H
1652 95 1720 147 63

129 221 403 275 τεθεῖσαν”
380 247 478 291 αμα
512 229 580 306 τῷ
613 225 750 276 παιδὶ
780 227 986 295 Τηλέφῳ
1013 234 1471 296 καταποντωθῆναι,
1503 225 1719 319 Ἀθηνᾶς

129 295 181 346 δὲ
222 299 429 364 προνοία
468 279 559 358 τήν
609 294 827 360 λάρνακα
874 304 1236 360 περαιωθεῖσαν
1287 302 1506 351 ἐκπεσεῖν
1555 304 1623 362 εἰς
1664 300 1716 352 τὸ

127 363 280 429 στόμα
306 369 391 415 τοῦ
418 370 638 424 Καϊκου,
677 365 763 415 τὸν
789 366 841 416 δὲ
869 364 1161 431 Τεύθραντα
1193 367 1507 452 ἀναλαβόντα
1539 393 1596 421 τα
1620 370 1713 422 σώ-

126 456 254 499 ματα
280 440 337 503 τῇ
363 435 450 499 μὲν
478 431 539 495 ὠς
563 438 746 505 γαμετῇ
771 432 1073 500 χρήσασθαι,
1100 441 1170 507 τῷ
1195 434 1238 487 δ’
1269 434 1332 498 ὡς
1359 441 1533 491 εαυτοῦ
1558 444 1712 493 παιδί.

127 511 338 556 Aelianus
364 511 411 554 N.
440 513 489 555 A.
520 511 576 568 3,
603 511 693 557 47:
730 507 837 555 δότε
863 524 945 569 μοι
970 502 1082 567 τούς
1121 510 1399 588 τραγῳδοὺς
1426 542 1488 548 -
1518 511 1714 576 ἐρέσθαι

125 578 175 624 τί
212 573 500 639 βουλόμενοι
538 572 776 638 τοσαύτην
819 572 1024 641 ἄγνοιαν
1067 580 1153 626 τοῦ
1201 574 1374 639 παιδὸς
1417 584 1504 630 τοῦ
1547 586 1713 632 Λαΐου

125 645 410 708 καταχέουσι
435 647 521 694 τοῦ
555 642 885 704 συνελθόντος
899 649 980 725 τῇ
1017 647 1160 711 μητρὶ
1195 643 1286 710 τὴν
1325 650 1534 716 δυστυχῆ
1565 649 1712 701 σύνο-

127 716 229 776 δον,
255 734 338 762 και
363 717 449 763 τοῦ
477 715 699 778 Τηλέφου
726 719 811 764 τοῦ
847 735 913 779 μη
938 718 1257 780 πειραθέντος
1280 739 1336 782 με
1319 718 1369 768 ὲν
1393 723 1477 784 τῆς
1501 719 1710 799 ὁμιλίας,

125 784 586 863 συγκατακλινέντος
622 785 672 834 δὲ
706 789 768 851 τῇ
809 788 1070 868 γειναμένῃ
1114 788 1197 836 καὶ
1239 787 1508 853 πράξαντος
1550 810 1611 838 αν
1655 789 1714 840 τὰ

123 850 261 915 αὐτα,
289 856 332 902 εἰ
352 873 417 917 μη
440 858 554 903 θεία
580 859 786 956 πομπῇς)
778 857 845 904 ὁιε
853 859 948 919 ῐρξε
955 876 980 903 ν
1007 875 1031 904 ο
1062 854 1274 920 ὅρακων.
1313 864 1441 923 plura
1468 872 1511 910 et
1545 867 1706 924 partim

122 930 294 974 diversa
322 930 500 974 tradunt
525 929 813 989 Αρο11ο(1.Ξ3,
845 932 899 987 7,
927 931 958 974 4
986 939 1029 975 et
1057 932 1111 989 3,
1141 933 1250 990 9,1
1303 934 1504 993 Hyginus
1530 935 1615 980 sab.
1645 937 1708 982 99

123 1007 167 1044 et
195 999 309 1045 100
363 999 419 1044 cf.
451 999 581 1044 Paus.
610 1000 789 1057 V111‚4‚
825 1001 852 1046 9
882 1009 925 1045 et
950 1001 1034 1059 48
1064 1002 1106 1045 7.
1158 1006 1395 1048 memoriae
1431 1018 1585 1049 errore
1610 1005 1710 1051 Dio-

122 1066 256 1128 genes
291 1068 339 1114 L.
380 1069 439 1125 2,
476 1069 539 1115 33
578 1069 706 1114 verba
742 1081 1003 1125 κρατιστον
1039 1067 1145 1134 εἰκῇ
1179 1063 1314 1116 ταῦτ’
1355 1068 1439 1116 εᾶν
1474 1063 1710 1154 ἀφειμένα

122 1138 238 1195 (Eur.
276 1138 340 1182 El.
380 1138 494 1197 379)
534 1153 584 1183 ex
623 1139 702 1184 hac
738 1139 886 1185 sabula
930 1141 1071 1185 affert.
1136 1143 1294 1187 com1ci
1337 1152 1497 1203 poetae
1532 1136 1709 1206 Αὔγην

121 1214 324 1267 spectare
359 1209 533 1253 videtur
572 1208 720 1253 Schol.
762 1209 860 1253 Eur.
902 1210 1031 1255 Rhes.
1068 1210 1198 1268 419,
1235 1212 1308 1256 ubi
1346 1213 1398 1257 de
1436 1231 1473 1261 v
1501 1207 1708 1271 ἄμυστις

121 1279 294 1355 agitur:
325 1267 387 1332 ὡς
415 1272 464 1321 ἐν
493 1268 636 1341 Αὔγῃ
663 1270 781 1322 ξσὺν
807 1294 872 1343 τῳ
901 1277 1032 1338 βαθε
1013 1277 1111 1333 σίας
1137 1276 1220 1324 καὶ
1247 1296 1434 1336 πυκνας
1467 1282 1474 1344 Ι
1510 1279 1707 1330 ἕλκουσι

119 1364 204 1400 τας
237 1337 541 1405 ἆμυστίὸαςῆ
592 1362 745 1393 versus
784 1355 890 1393 sunt
916 1350 1094 1394 dimetri
1130 1350 1334 1408 iambici3
1375 1353 1596 1399 Σκυθῶν
1625 1370 1705 1415 pro

120 1428 221 1462 συν
238 1415 307 1460 τοῖ
333 1418 525 1462 coniecit
553 1417 842 1463 Fritzschius.
892 1419 1157 1479 Euripideae
1198 1421 1372 1466 fabulae
1407 1422 1707 1484 fragmentum

119 1487 258 1532 lutere
296 1488 502 1547 suspicor
536 1488 652 1547 apud
690 1487 886 1533 Teletem
923 1489 966 1532 in
1003 1490 1130 1534 stol».
1167 1489 1285 1535 Flor.
1329 1492 1452 1550 108,
1489 1495 1577 1540 83:
1622 1490 1706 1538 καὶ

120 1550 299 1612 ταύτην
325 1556 448 1614 (sort.
475 1549 649 1616 Αὔγην
675 1557 781 1634 leg.)
815 1554 904 1616 μὲν
931 1552 1217 1604 ἐπαινοῦσιν
1243 1554 1489 1622 ἐντελλομέ
1470 1578 1585 1622 ενην
1622 1563 1705 1608 συ

119 1617 165 1671 δ’
174 1659 187 1683 ,
228 1626 265 1672 ὠ
302 1625 534 1686 τεκοῦσα,
574 1619 639 1685 μὴ
674 1619 765 1685 τὴν
792 1618 886 1686 σὴν
920 1621 1082 1689 λιβασι
1107 1623 1407 1675 κατασπενὸε
1443 1630 1705 1695 παρηίόαζ

115 1711 263 1757 neque
298 1696 587 1756 improbabile
624 1697 736 1742 duco
775 1699 935 1742 dixisse
961 1699 1254 1758 Euripidem
1244 1715 1287 1744 m
1314 1705 1438 1761 Auga

285 1785 328 1849 οἷ
357 1791 525 1849 πότνι’
557 1800 867 1866 Εἰλείθυια,

116 1892 172 1937 cs.
210 1891 393 1936 Meinek.
430 1891 550 1935 vind.
590 1894 816 1952 Aristoph.
856 1909 896 1953 p.
940 1892 1036 1940 129
1074 1902 1119 1940 et
1154 1909 1265 1956 quae
1304 1897 1490 1944 diximus
1527 1901 1570 1944 in
1606 1899 1702 1946 Me'-

115 1964 281 2022 lanyes
309 1961 617 2007 Gre'co-Rom.
647 1963 679 2006 11
706 1977 747 2022 p.
779 1963 878 2009 730
904 1978 972 2023 sq.

859 2069 958 2120 267

282 2160 387 2212 νῦν
419 2154 462 2212 δ’
497 2157 642 2222 οἶνος
676 2160 926 2230 ἐξέστησέ
951 2158 1030 2231 μ’·
1063 2157 1308 2232 ὁμολογῶ
1343 2165 1407 2218 δέ
1433 2185 1495 2221 σε

283 2240 513 2310 ἀδικεῖν,
544 2242 601 2296 τὸ
636 2241 677 2296 ὸ’
714 2241 926 2314 ἀδίκημ’
965 2244 1156 2314 ἐγένετ’
1193 2244 1290 2317 οὐχ
1325 2246 1593 2306 ἑκούσιον.

219 2337 339 2382 sion.
368 2338 484 2382 τιον.
516 2339 603 2396 18,
633 2339 711 2386 20.

854 2419 956 2471 ‚⁶268

699 2513 872 2563 σκῦλα
902 2511 1002 2579 μὲν
1032 2511 1386 2583 βροτοφθόρα

280 2594 483 2660 χαίρεις
514 2586 694 2658 ὁρῶσα
728 2595 816 2646 καὶ
848 2596 1057 2664 νεκρῶν
1090 2598 1317 2665 ἐρείπια,

281 2671 378 2728 κού
407 2672 572 2743 μιαρά
604 2692 688 2729 σοι
718 2672 865 2731 ταῦτ’
894 2682 1067 2732 ἔστιν·
1102 2684 1150 2733 εἰ
1182 2676 1225 2733 δ’
1264 2679 1366 2750 ε’γώ
1400 2686 1602 2751 ἔτεκον,

281 2755 463 2812 δεινὸν
492 2753 601 2814 τόὸ’
632 2756 779 2829 ἡγεῑ’;

216 2851 416 2899 Clemens
442 2854 562 2900 Alex.
591 2855 752 2901 Strom.
784 2857 850 2901 vu
875 2872 916 2917 p.
947 2858 1044 2904 841
1074 2875 1164 2920 sq.:
1203 2846 1257 2905 εὖ
1293 2856 1343 2906 δὲ
1377 2856 1458 2904 καὶ
1495 2849 1522 2920 ἦ
1550 2853 1695 2922 Αὔγη
