2077 3139
232 116 303 169 40
881 122 1197 164 ANTII'ONH

233 259 411 320 (πειρῶ
431 257 574 323 τύχης
601 253 775 309 ὅῖνοιαν
800 251 1034 327 ἆνδρείως
1062 261 1274 323 φέ’.ρειν
1320 267 1350 313 6
1380 258 1681 329 Μενάνδρου
1711 257 1821 314 ’ἅν-

233 328 324 392 δρα
360 326 445 378 τὸν
468 325 670 394 ἀληθῶς
696 359 766 367 —

984 414 1082 466 175

401 519 548 568 οστις
582 503 641 558 δὲ
671 500 806 571 πρὸς
837 500 895 559 τὸ
926 515 1128 558 πῖπτον
1160 500 1407 574 εὖλόφως
1437 507 1592 575 φέρει

399 584 493 642 τὸν
527 585 758 658 δαίμον’,
791 610 950 652 οιτος
982 579 1153 658 ἧσσόν
1186 585 1286 643 ἐστ’
1321 586 1590 659 ἀνόλβιος.

334 683 866 742 Stob.F10r.108,13.

985 777 1084 830 176

396 864 635 931 θάνατος
666 866 769 937 γὰρ
801 865 1147 936 ἀνθρώποισι
1177 868 1405 923 νεικέων
1436 870 1583 934 τέλος

397 955 531 1021 ἔχει·
576 960 783 1022 μαθεῖν
815 951 875 1007 δὲ
906 955 1073 1006 πᾶσίν
1106 954 1251 1006 ἐστιν
1284 949 1528 1023 εὐμαρές.

396 1042 477 1098 τίς
508 1033 611 1105 γὰρ
643 1048 904 1104 πετραῖον
938 1033 1207 1090 σκόπελον
1238 1033 1480 1102 οὐτάζων
1512 1037 1633 1105 δορὶ

395 1115 648 1174 ὀδύναισι
682 1117 876 1185 δώσεις
908 1124 989 1182 τίς
1021 1115 1068 1173 δ’
1102 1117 1372 1189 ἀτιμάζων
1401 1122 1583 1186 νέκυς,

397 1207 448 1258 εἰ
474 1203 647 1274 μηδεν
679 1200 1031 1258 αἰσθάνοιντο
1061 1206 1171 1258 τῶν
1199 1201 1570 1274 παθηιιατωνς
1712 1221 1740 1259 5

333 1297 458 1344 8ῑοί).
503 1300 620 1345 Flor.
659 1299 786 1357 125,
823 1300 875 1346 6:
934 1289 1208 1359 Εὐριπίδου
1237 1290 1534 1376 Αντιγόνης.
1574 1293 1706 1344 εθαί
1698 1315 1822 1356 ατος

228 1395 298 1402 -
322 1362 679 1428 nafimzoctwv'.
722 1385 778 1414 vs.
804 1369 833 1414 2
861 1371 1042 1428 μαθεῖι
1066 1365 1115 1415 δὲ
1135 1368 1284 1414 πᾶσίι
1312 1365 1439 1414 ἔστιν
1466 1359 1669 1428 ευιιαρές
1695 1385 1820 1430 [πίοις

229 1439 326 1484 buit
352 1440 491 1485 codex
519 1442 552 1483 A
581 1448 684 1500 post
710 1440 834 1485 Stob
873 1440 992 1486 Flor.
1026 1441 1146 1496 120,
1175 1441 1230 1497 3,
1268 1440 1342 1485 uhi
1368 1456 1430 1486 vs.
1464 1442 1487 1485 1
1518 1448 1562 1485 et
1589 1440 1617 1485 2
1646 1450 1819 1486 exstate

233 1516 423 1554 testatur
450 1509 647 1554 Grotius.
696 1507 745 1554 τί
776 1524 868 1569 γαρ
910 1499 1041 1554 τοῦδ
1075 1505 1174 1555 ε’στὶ
1201 1511 1363 1569 μεῖζον
1390 1507 1440 1554 ἐν
1465 1507 1657 1571 βροτοῖς
1678 1511 1818 1555 altero

228 1578 329 1624 loco
357 1579 640 1638 (Flor.125‚
670 1578 716 1637 6)
745 1580 970 1625 scribitur.

980 1673 1077 1724 177

395 1752 442 1818 ὦ
470 1775 572 1817 παῖ
603 1759 845 1834 Διώνης,
879 1758 949 1827 ὥς
981 1768 1117 1832 ἔφυς
1149 1765 1315 1833 μέγας
1346 1760 1494 1831 θεός,

395 1845 657 1917 Διόνυσε,
683 1856 910 1917 θνητοῖς
940 1844 978 1901 τ’
1015 1844 1270 1918 οὐδαμῶς
1300 1844 1620 1911 ὑποστατος.

333 1942 789 1988 Schol.1³1·nd.Pv.th
819 1944 1019 2000 3,177;
1060 1935 1238 2007 Θυώιῃ
1264 1943 1321 2005 τῇ
1342 1940 1530 2005 Σεμέλῃ
1553 1968 1624 1975 -
1647 1938 1735 1987 εἰσὶ
1766 1937 1817 1988 δε

224 2007 277 2056 Οἳ
300 2027 380 2056 καί
410 2028 496 2072 την
512 2028 695 2104 e’ssavtqv
725 2010 862 2057 Atoev
850 2029 929 2089 εἴηῖ)
963 2008 1212 2074 λέγουσιν,
1252 2009 1415 2067 0367550
1451 2007 1730 2070 Ευοίπίδης
1765 2009 1817 2058 ἐν

219 2074 478 2158 ἰΑιτιγόνη
512 2074 576 2128 ὠ
611 2084 704 2126 παῖ
735 2108 797 2114 -
835 2073 1152 2141 ὗποστοὶτης’.
1212 2098 1274 2129 vs.
1305 2082 1335 2128 2
1380 2075 1653 2141 ὑποστάτης
1696 2083 1815 2142 libri,

226 2146 499 2207 ὑποστατός
527 2152 739 2213 Scaliger.

981 2231 1079 2283 178

331 2320 477 2365 Schol.
505 2320 604 2365 Eur.
633 2321 794 2366 Phocn.
821 2321 978 2368 1031:
1016 2310 1104 2378 τὴι
1116 2310 1609 2380 ΣφίγγαὸΔιόνυσος
1630 2314 1815 2378 ε’πεμψε

226 2391 326 2443 τοῖς
357 2388 614 2451 Θηβαίοις,
650 2383 714 2444 ὡς
751 2385 981 2435 ἕναντοία
1016 2386 1257 2448 (εναντίον
1294 2391 1390 2436 cod.
1428 2391 1484 2449 M)
1521 2386 1690 2450 λέγειν.
1752 2405 1815 2443 ως

226 2454 278 2505 ἐν
297 2448 559 2522 Ἀντιγόνῃ
584 2455 708 2519 λέγει
736 2463 928 2506 coniecit
954 2461 1116 2522 Vnger.

878 2585 955 2623 AN
963 2582 1159 2624 TIOHH

332 2669 504 2715 Probus
532 2672 574 2714 in
603 2670 732 2730 Verg.
761 2669 849 2715 Ecl.
879 2670 926 2725 2,
955 2669 1018 2716 25
1046 2685 1090 2730 p.
1122 2671 1167 2726 7,
1196 2669 1284 2714 21:
1323 2670 1627 2726 Amphionem
1657 2674 1702 2714 et
1730 2667 1812 2712 Ze-

226 2740 352 2785 thum
392 2741 648 2798 Euripzdes
685 2747 729 2786 et
767 2742 899 2797 apud
943 2753 1029 2785 nos
1064 2740 1309 2785 Ραςιιυιαε
1345 2739 1471 2784 Iovis
1509 2751 1573 2783 ex
1609 2738 1813 2793 Antiopa

226 2809 399 2868 Nyctei
433 2814 504 2855 ait
540 2816 690 2855 natos.
752 2810 969 2854 loh·=nnes
996 2809 1173 2854 Mulalas
1200 2824 1242 2869 p.
1273 2809 1336 2854 49
1377 2807 1449 2866 (cf.
1488 2807 1707 2866 Georgius
1734 2806 1811 2850 Ce-

225 2878 348 2924 dren.
377 2878 460 2924 vol.
491 2880 516 2924 1
545 2895 587 2940 p.
615 2879 725 2938 44):
778 2868 804 2924 ὁ
831 2895 924 2941 γαρ
953 2872 1229 2936 σοφώτατος
1258 2866 1527 2938 Ευριπίδης
1550 2874 1814 2936 ποιητικῶς
