2077 3139
727 104 1173 148 ΠΡΩΤΕΣΙΛΑΟΣ
1645 104 1744 157 175

902 242 1005 296 655

322 333 507 392 κοινὸν
536 332 638 405 γὰρ
670 332 810 389 εἶναι
839 335 977 405 χρῆν
1006 346 1322 403 γυναικεῖον
1353 333 1518 406 λέχος.

259 432 460 478 Clemens
486 431 604 476 Alex.
633 429 797 475 Strom.
827 430 879 474 Vl
893 444 958 505 p.
990 428 1116 480 751·
1158 421 1425 484 Πλάτωνός
1452 445 1501 474 τε
1528 423 1579 473 ἐν
1604 427 1739 474 πολι-

154 499 255 547 τεία
281 495 497 555 ειπόντος
521 514 687 553 κοινας
709 490 832 543 εἶναι
849 514 934 552 τας
954 500 1209 558 γυναῖκας,
1233 487 1510 559 Εὐριπίδης
1538 494 1587 543 ἐν
1600 498 1742 561 Πρω·

157 549 356 635 τεσιλάῳ
381 563 558 632 γράφει
587 559 781 613 κοινὸν
808 593 880 601 --
905 563 1079 628 λέχος’.

902 688 1003 740 656

322 785 480 836 δυοῖν
510 776 806 850 λεγόντοιν,
837 779 1077 848 θατέρου
1106 779 1482 850 θυμουμένου,

321 859 348 919 ὁ
380 862 451 935 μὴ
482 861 804 919 ἀντιτείνων
833 875 944 926 τοῖς
975 859 1153 933 λόγοις
1184 861 1510 934 σοφώτερος.

259 960 527 1006 Stoh.F10r.
559 960 639 1017 19,
666 959 712 1006 3.
741 959 916 1004 eosdem
945 973 1099 1004 versus
1125 959 1289 1005 habent
1316 959 1439 1005 Stoh.
1468 960 1585 1005 Flor.
1613 960 1741 1019 5‚18

157 1037 201 1076 et
225 1031 343 1075 Plut.
373 1030 480 1076 Mor.
508 1045 550 1090 p.
580 1030 644 1076 10
670 1032 718 1072 Α.

905 1093 1004 1144 657

321 1182 422 1240 οὐκ
452 1178 520 1239 ἂν
552 1188 818 1254 προδοίην
841 1189 1037 1290 καίπερ
1069 1180 1283 1256 ἄψυχον
1313 1189 1490 1256 φίλον.

258 1281 333 1326 Dio
360 1282 588 1355 Chrysost.
618 1280 697 1331 37,
723 1280 815 1325 46.
856 1272 950 1339 ἔγω
976 1274 1027 1324 δὲ
1051 1295 1176 1324 κατα
1203 1270 1291 1340 τὴν
1311 1274 1593 1340 Εὐριπίδου
1614 1282 1744 1325 Acco·

157 1343 401 1412 δαμειαν
415 1342 505 1395 οὐκ
531 1365 592 1393 αν
617 1375 683 1381 —
711 1346 901 1409 φίλον’.

322 1516 467 1583 ὅστις
499 1517 559 1573 δὲ
590 1515 767 1581 πάσας
799 1519 1081 1582 συντιθεὶς
1113 1519 1266 1589 ψέγει
1297 1516 1440 1594 λόγῳ

321 1615 589 1672 γυναῖκας
621 1603 760 1672 ἑξῆς,
795 1598 979 1666 σκαιός
1013 1604 1124 1657 ἐστι
1155 1600 1253 1657 κού
1286 1602 1477 1673 σοφός·

320 1690 540 1741 πολλῶν
570 1683 672 1756 γὰρ
704 1681 889 1740 οὐσῶν
917 1682 1020 1754 τὴν
1049 1684 1149 1756 μὲν
1182 1683 1426 1757 εὑρήσεις
1457 1685 1652 1758 κακήν,

323 1767 424 1839 τὴν
457 1765 502 1823 δ’
539 1766 721 1840 ὥσπερ
754 1762 892 1838 αὕτη
924 1763 1042 1839 λῆμ’
1077 1774 1309 1840 ἔχουσαν
1341 1765 1573 1841 εὐγενές.

259 1863 383 1910 Stob.
405 1864 524 1910 Flor.
554 1864 635 1922 69,
664 1864 708 1910 9.

698 2001 1182 2044 ΡΑΔΑΜΑΝΘΤΣ

257 2088 440 2134 Veteres
473 2088 616 2134 critici
653 2091 851 2148 spuriam
886 2090 998 2134 hanc
1027 2090 1218 2135 fabulam
1246 2090 1461 2136 iudicasse
1489 2091 1619 2136 docet
1643 2091 1742 2137 Vita

152 2158 305 2218 Eurip.
333 2174 374 2218 p.
406 2158 521 2211 135
550 2159 631 2205 33.
676 2159 730 2203 de
758 2167 1021 2219 argumento
1050 2162 1196 2204 omnia
1224 2161 1389 2205 incerta
1417 2167 1536 2205 sunt.
1573 2160 1743 2206 Preller

154 2228 239 2273 huc
273 2228 556 2273 referendum
593 2232 847 2305 suspicatur·
885 2229 1036 2288 Epigr.
1073 2229 1215 2288 Cyzic.
1246 2229 1423 2274 Anthol.
1452 2230 1538 2274 Pal.
1569 2230 1616 2287 3,
1648 2231 1740 2277 13:

147 2286 370 2371 Ἀλκίδας
411 2311 436 2342 ο
481 2288 673 2359 θρασυς
704 2287 1045 2358 Ῥαδαμάνθυι
1072 2293 1252 2359 ματέρα
1287 2292 1431 2343 τοῖνδε
1464 2288 1743 2359 Ἀλκμήναν

155 2353 290 2411 σ’σιον
315 2356 435 2429 πρὸς
462 2363 593 2427 λέχος
621 2362 818 2424 ἐξέδοτο.

904 2461 1005 2513 659

319 2555 374 2606 οἳ
400 2553 505 2622 γῆν
536 2545 710 2620 ἔχουσ’
743 2546 993 2620 Ευβοῖδα
1024 2547 1347 2625 πρόσχωρον
1376 2549 1537 2608 πόλιν

257 2645 400 2692 Strab.
430 2647 516 2691 V111
542 2662 585 2706 p
615 2646 738 2693 356:
773 2644 1070 2725 Στησίχορον
1098 2642 1149 2694 δὲ
1174 2649 1340 2693 καλεῖν
1365 2642 1509 2693 πόλιν
1535 2636 1624 2705 τὴν
1650 2642 1741 2708 χῶ-

155 2728 245 2773 ραν
270 2712 438 2760 Πίσαν
463 2711 752 2794 λεγομένην,
782 2705 844 2771 ὡς
871 2707 896 2761 ὁ
923 2731 1134 2776 ποιητης
1158 2710 1249 2777 τὴν
1276 2713 1465 2777 Λέσβον
1498 2711 1740 2777 Μακαρος

153 2777 321 2844 πόλιν,
360 2775 644 2845 Εὐριπίδης
679 2776 722 2830 δ’
765 2781 816 2830 ἐν
835 2777 972 2833 Ιωνι
995 2813 1066 2821 -
1099 2783 1180 2833 καὶ
1218 2783 1269 2833 ἐν
1287 2778 1672 2849 Ραδαμανθυϊ“
1691 2783 1742 2832 οἳ

153 2851 248 2914 γῆν
273 2879 336 2888 -
363 2849 553 2901 πόλιν’
