<?xml version="1.0" encoding="UTF-8"?>
<!DOCTYPE html PUBLIC "-//W3C//DTD XHTML 1.0 Transitional//EN"
    "http://www.w3.org/TR/xhtml1/DTD/xhtml1-transitional.dtd">
<html xmlns="http://www.w3.org/1999/xhtml" xml:lang="en" lang="en">
 <head>
  <title>
</title>
<meta http-equiv="Content-Type" content="text/html;charset=utf-8" />
  <meta name='ocr-system' content='tesseract 3.04.00' />
  <meta name='ocr-capabilities' content='ocr_page ocr_carea ocr_par ocr_line ocrx_word'/>
</head>
<body>
  <div class='ocr_page' id='page_1' title='image "./euripidistragoe03euriuoft_0145.png"; bbox 0 0 2077 3139; ppageno 0'>
   <div class='ocr_carea' id='block_1_1' title="bbox 772 79 1756 131">
    <p class='ocr_par' dir='ltr' id='par_1_1' title="bbox 772 79 1756 131">
     <span class='ocr_line' id='line_1_1' title="bbox 772 79 1756 131; baseline 0.011 -11"><span class='ocrx_word' id='word_1_1' title='bbox 772 79 1147 122; x_wconf 74' lang='grc' dir='ltr'><strong>ΙΠΠΟΛΤΤΟΣ</strong></span> <span class='ocrx_word' id='word_1_2' title='bbox 1657 79 1756 131; x_wconf 88' lang='grc'><em>113</em></span> 
     </span>
    </p>
   </div>
   <div class='ocr_carea' id='block_1_2' title="bbox 749 219 1183 261">
    <p class='ocr_par' dir='ltr' id='par_1_2' title="bbox 749 219 1183 261">
     <span class='ocr_line' id='line_1_2' title="bbox 749 219 1183 261; baseline -0.005 0"><span class='ocrx_word' id='word_1_3' title='bbox 749 219 1183 261; x_wconf 81' lang='grc' dir='ltr'>ῙΠΠΟΛΤΤΟΣ</span> 
     </span>
    </p>
   </div>
   <div class='ocr_carea' id='block_1_3' title="bbox 168 305 1760 1414">
    <p class='ocr_par' dir='ltr' id='par_1_3' title="bbox 170 305 1756 1414">
     <span class='ocr_line' id='line_1_3' title="bbox 173 305 1754 367; baseline 0 -15"><span class='ocrx_word' id='word_1_4' title='bbox 173 338 179 344; x_wconf 87' lang='lat'><em>-</em></span> <span class='ocrx_word' id='word_1_5' title='bbox 264 308 587 367; x_wconf 82' lang='lat' dir='ltr'><strong>Argumentum</strong></span> <span class='ocrx_word' id='word_1_6' title='bbox 617 305 791 351; x_wconf 78' lang='lat' dir='ltr'><strong>fabulae</strong></span> <span class='ocrx_word' id='word_1_7' title='bbox 821 306 936 352; x_wconf 78' lang='lat' dir='ltr'>idem</span> <span class='ocrx_word' id='word_1_8' title='bbox 962 305 1048 350; x_wconf 79' lang='lat' dir='ltr'><strong>fuit</strong></span> <span class='ocrx_word' id='word_1_9' title='bbox 1075 305 1195 365; x_wconf 84' lang='lat' dir='ltr'>quod</span> <span class='ocrx_word' id='word_1_10' title='bbox 1220 306 1444 367; x_wconf 74' lang='lat' dir='ltr'>Hippolyti</span> <span class='ocrx_word' id='word_1_11' title='bbox 1480 306 1754 367; x_wconf 82' lang='lat' dir='ltr'>superstitis,</span> 
     </span>
     <span class='ocr_line' id='line_1_4' title="bbox 172 375 1752 436; baseline 0 -14"><span class='ocrx_word' id='word_1_12' title='bbox 172 378 389 424; x_wconf 79' lang='lat' dir='ltr'>tractandi</span> <span class='ocrx_word' id='word_1_13' title='bbox 412 380 525 422; x_wconf 83' lang='lat' dir='ltr'>ratio</span> <span class='ocrx_word' id='word_1_14' title='bbox 552 376 826 436; x_wconf 82' lang='lat' dir='ltr'><strong>aliquantum</strong></span> <span class='ocrx_word' id='word_1_15' title='bbox 853 375 1041 420; x_wconf 80' lang='lat' dir='ltr'><em>diversa.</em></span> <span class='ocrx_word' id='word_1_16' title='bbox 1085 375 1178 419; x_wconf 84' lang='lat' dir='ltr'>Vita</span> <span class='ocrx_word' id='word_1_17' title='bbox 1197 375 1346 435; x_wconf 86' lang='lat' dir='ltr'><strong>Eurip</strong></span> <span class='ocrx_word' id='word_1_18' title='bbox 1370 377 1752 422; x_wconf 76' lang='lat' dir='ltr'>inWestermanni</span> 
     </span>
     <span class='ocr_line' id='line_1_5' title="bbox 171 434 1753 524; baseline -0.001 -31"><span class='ocrx_word' id='word_1_19' title='bbox 171 448 340 507; x_wconf 83' lang='grc' dir='ltr'><em>Βιογρ.</em></span> <span class='ocrx_word' id='word_1_20' title='bbox 367 461 409 506; x_wconf 90' lang='lat' dir='ltr'><em>p.</em></span> <span class='ocrx_word' id='word_1_21' title='bbox 440 446 552 497; x_wconf 89' lang='lat'><strong>137,</strong></span> <span class='ocrx_word' id='word_1_22' title='bbox 580 446 676 492; x_wconf 89' lang='lat'><em>89:</em></span> <span class='ocrx_word' id='word_1_23' title='bbox 714 440 906 504; x_wconf 85' lang='grc' dir='ltr'><em>λέγουσι</em></span> <span class='ocrx_word' id='word_1_24' title='bbox 933 437 976 488; x_wconf 76' lang='grc' dir='ltr'><em>δ’</em></span> <span class='ocrx_word' id='word_1_25' title='bbox 1007 434 1158 488; x_wconf 70' lang='grc' dir='ltr'><em>αὐτὸν</em></span> <span class='ocrx_word' id='word_1_26' title='bbox 1182 436 1406 521; x_wconf 88' lang='grc' dir='ltr'><em>γήμαντα</em></span> <span class='ocrx_word' id='word_1_27' title='bbox 1432 461 1520 504; x_wconf 86' lang='grc' dir='ltr'><em>την</em></span> <span class='ocrx_word' id='word_1_28' title='bbox 1549 447 1753 524; x_wconf 51' lang='grc' dir='ltr'><em>Μνησί-</em></span> 
     </span>
     <span class='ocr_line' id='line_1_6' title="bbox 172 503 1755 576; baseline 0 -15"><span class='ocrx_word' id='word_1_29' title='bbox 172 509 317 576; x_wconf 86' lang='grc' dir='ltr'><em>λόχου</em></span> <span class='ocrx_word' id='word_1_30' title='bbox 342 511 592 576; x_wconf 78' lang='grc' dir='ltr'><strong><em>θυγατέρα</em></strong></span> <span class='ocrx_word' id='word_1_31' title='bbox 618 512 859 574; x_wconf 89' lang='grc' dir='ltr'><em>Χοιρίνην</em></span> <span class='ocrx_word' id='word_1_32' title='bbox 885 509 967 558; x_wconf 83' lang='grc' dir='ltr'><em>καὶ</em></span> <span class='ocrx_word' id='word_1_33' title='bbox 995 506 1238 572; x_wconf 85' lang='grc' dir='ltr'><em>νοήσαντα</em></span> <span class='ocrx_word' id='word_1_34' title='bbox 1262 503 1353 571; x_wconf 79' lang='grc' dir='ltr'><em>τὴν</em></span> <span class='ocrx_word' id='word_1_35' title='bbox 1378 503 1646 561; x_wconf 80' lang='grc' dir='ltr'><em>ἆκολασίαν</em></span> <span class='ocrx_word' id='word_1_36' title='bbox 1671 509 1755 561; x_wconf 82' lang='grc' dir='ltr'><em>αὖ·</em></span> 
     </span>
     <span class='ocr_line' id='line_1_7' title="bbox 172 573 1755 647; baseline -0.001 -15"><span class='ocrx_word' id='word_1_37' title='bbox 172 586 257 645; x_wconf 86' lang='grc' dir='ltr'><em>τῆς</em></span> <span class='ocrx_word' id='word_1_38' title='bbox 297 592 486 647; x_wconf 84' lang='grc' dir='ltr'><em>γραψαι</em></span> <span class='ocrx_word' id='word_1_39' title='bbox 531 581 692 643; x_wconf 76' lang='grc' dir='ltr'><em>ὅραμα</em></span> <span class='ocrx_word' id='word_1_40' title='bbox 732 576 816 628; x_wconf 84' lang='grc' dir='ltr'><em>τὸν</em></span> <span class='ocrx_word' id='word_1_41' title='bbox 857 576 1090 643; x_wconf 88' lang='grc' dir='ltr'><em>πρότερον</em></span> <span class='ocrx_word' id='word_1_42' title='bbox 1127 573 1439 646; x_wconf 81' lang='grc' dir='ltr'><em>Ιππόλυτον,</em></span> <span class='ocrx_word' id='word_1_43' title='bbox 1484 580 1535 629; x_wconf 84' lang='grc' dir='ltr'><em>ἕν</em></span> <span class='ocrx_word' id='word_1_44' title='bbox 1580 585 1619 630; x_wconf 90' lang='grc' dir='ltr'><em>ω</em></span> <span class='ocrx_word' id='word_1_45' title='bbox 1665 575 1755 645; x_wconf 83' lang='grc' dir='ltr'><em>τὴν</em></span> 
     </span>
     <span class='ocr_line' id='line_1_8' title="bbox 172 646 1753 732; baseline -0.001 -30"><span class='ocrx_word' id='word_1_46' title='bbox 172 648 521 715; x_wconf 87' lang='grc' dir='ltr'><em>αναισχυντίαν</em></span> <span class='ocrx_word' id='word_1_47' title='bbox 568 646 863 732; x_wconf 81' lang='grc' dir='ltr'><em>θριαμβεύει</em></span> <span class='ocrx_word' id='word_1_48' title='bbox 903 651 1002 698; x_wconf 82' lang='grc' dir='ltr'><em>τῶν</em></span> <span class='ocrx_word' id='word_1_49' title='bbox 1042 650 1375 731; x_wconf 61' lang='lat' dir='ltr'><em>yvvmncfivss).</em></span> <span class='ocrx_word' id='word_1_50' title='bbox 1434 657 1614 715; x_wconf 77' lang='lat' dir='ltr'><strong>Argum.</strong></span> <span class='ocrx_word' id='word_1_51' title='bbox 1651 656 1753 703; x_wconf 86' lang='lat' dir='ltr'><strong>Eur.</strong></span> 
     </span>
     <span class='ocr_line' id='line_1_9' title="bbox 172 713 1755 786; baseline -0.001 -15"><span class='ocrx_word' id='word_1_52' title='bbox 172 727 326 786; x_wconf 87' lang='lat' dir='ltr'><strong>Hipp.:</strong></span> <span class='ocrx_word' id='word_1_53' title='bbox 362 721 461 770; x_wconf 75' lang='grc' dir='ltr'><em>ἔστι</em></span> <span class='ocrx_word' id='word_1_54' title='bbox 488 718 538 769; x_wconf 77' lang='grc' dir='ltr'><em>δὲ</em></span> <span class='ocrx_word' id='word_1_55' title='bbox 573 724 713 779; x_wconf 87' lang='grc' dir='ltr'><em>οὐτος</em></span> <span class='ocrx_word' id='word_1_56' title='bbox 740 714 1020 778; x_wconf 89' lang='grc' dir='ltr'><em>Ιππόλυτος</em></span> <span class='ocrx_word' id='word_1_57' title='bbox 1054 718 1276 781; x_wconf 77' lang='grc' dir='ltr'><em>δεύτερος</em></span> <span class='ocrx_word' id='word_1_58' title='bbox 1309 713 1334 768; x_wconf 86' lang='grc' dir='ltr'>ὁ</span> <span class='ocrx_word' id='word_1_59' title='bbox 1373 719 1456 768; x_wconf 84' lang='grc' dir='ltr'><em>καὶ</em></span> <span class='ocrx_word' id='word_1_60' title='bbox 1494 724 1755 784; x_wconf 82' lang='grc' dir='ltr'><em>στεφανίας</em></span> 
     </span>
     <span class='ocr_line' id='line_1_10' title="bbox 170 786 1752 873; baseline -0.001 -32"><span class='ocrx_word' id='word_1_61' title='bbox 170 787 659 873; x_wconf 76' lang='grc' dir='ltr'><em>προσαγορευόμενος</em></span> <span class='ocrx_word' id='word_1_62' title='bbox 734 788 1018 854; x_wconf 81' lang='grc' dir='ltr'><em>ἐμφαίνεται</em></span> <span class='ocrx_word' id='word_1_63' title='bbox 1064 788 1115 839; x_wconf 78' lang='grc' dir='ltr'><em>δὲ</em></span> <span class='ocrx_word' id='word_1_64' title='bbox 1157 786 1359 852; x_wconf 86' lang='grc' dir='ltr'><em>ύστερον</em></span> <span class='ocrx_word' id='word_1_65' title='bbox 1401 791 1752 873; x_wconf 70' lang='grc' dir='ltr'><em>γεγραμμένος·</em></span> 
     </span>
     <span class='ocr_line' id='line_1_11' title="bbox 171 854 1756 941; baseline 0.001 -32"><span class='ocrx_word' id='word_1_66' title='bbox 171 858 224 910; x_wconf 88' lang='grc' dir='ltr'><em>τὸ</em></span> <span class='ocrx_word' id='word_1_67' title='bbox 247 880 360 941; x_wconf 84' lang='grc' dir='ltr'><em>γαρ</em></span> <span class='ocrx_word' id='word_1_68' title='bbox 365 854 487 923; x_wconf 82' lang='grc' dir='ltr'><em>ἆπρε</em></span> <span class='ocrx_word' id='word_1_69' title='bbox 491 858 576 920; x_wconf 83' lang='grc' dir='ltr'><em>πὲς</em></span> <span class='ocrx_word' id='word_1_70' title='bbox 610 857 693 909; x_wconf 82' lang='grc' dir='ltr'><em>καὶ</em></span> <span class='ocrx_word' id='word_1_71' title='bbox 719 861 1010 924; x_wconf 77' lang='grc' dir='ltr'><em>κατηγορίας</em></span> <span class='ocrx_word' id='word_1_72' title='bbox 1043 854 1179 919; x_wconf 78' lang='grc' dir='ltr'><em>α”ξιον</em></span> <span class='ocrx_word' id='word_1_73' title='bbox 1206 858 1257 907; x_wconf 82' lang='grc' dir='ltr'><em>ἐν</em></span> <span class='ocrx_word' id='word_1_74' title='bbox 1291 858 1443 923; x_wconf 81' lang='grc' dir='ltr'><em>τούτῳ</em></span> <span class='ocrx_word' id='word_1_75' title='bbox 1471 857 1756 925; x_wconf 76' lang='grc' dir='ltr'><em>διώρθωται</em></span> 
     </span>
     <span class='ocr_line' id='line_1_12' title="bbox 171 925 1755 996; baseline 0 -17"><span class='ocrx_word' id='word_1_76' title='bbox 171 950 238 980; x_wconf 90' lang='grc' dir='ltr'><em>τω</em></span> <span class='ocrx_word' id='word_1_77' title='bbox 268 925 490 996; x_wconf 74' lang='grc' dir='ltr'><em>ὁράματι.</em></span> <span class='ocrx_word' id='word_1_78' title='bbox 540 934 687 980; x_wconf 83' lang='lat' dir='ltr'><strong>Schol.</strong></span> <span class='ocrx_word' id='word_1_79' title='bbox 716 935 901 980; x_wconf 82' lang='lat' dir='ltr'><strong>Theocr.</strong></span> <span class='ocrx_word' id='word_1_80' title='bbox 929 933 978 992; x_wconf 98' lang='grc'><em>2,</em></span> <span class='ocrx_word' id='word_1_81' title='bbox 1008 935 1094 981; x_wconf 90' lang='lat'><em>10:</em></span> <span class='ocrx_word' id='word_1_82' title='bbox 1120 933 1226 988; x_wconf 86' lang='grc' dir='ltr'><em>ταῖς</em></span> <span class='ocrx_word' id='word_1_83' title='bbox 1251 929 1390 988; x_wconf 85' lang='grc' dir='ltr'><em>ε’ρωτι</em></span> <span class='ocrx_word' id='word_1_84' title='bbox 1416 931 1755 994; x_wconf 81' lang='grc' dir='ltr'><em>κατεχομέναις</em></span> 
     </span>
     <span class='ocr_line' id='line_1_13' title="bbox 176 994 1755 1083; baseline 0.001 -35.016"><span class='ocrx_word' id='word_1_85' title='bbox 176 996 265 1063; x_wconf 51' lang='grc' dir='ltr'><em>τὴν</em></span> <span class='ocrx_word' id='word_1_86' title='bbox 308 997 517 1062; x_wconf 82' lang='grc' dir='ltr'><em>σελήνην</em></span> <span class='ocrx_word' id='word_1_87' title='bbox 559 1004 936 1063; x_wconf 83' lang='grc' dir='ltr'><em>μετακαλεῖσθαι</em></span> <span class='ocrx_word' id='word_1_88' title='bbox 977 994 1219 1062; x_wconf 78' lang='grc' dir='ltr'><em>σύνηθες,</em></span> <span class='ocrx_word' id='word_1_89' title='bbox 1264 996 1326 1058; x_wconf 81' lang='grc' dir='ltr'><em>ὦς</em></span> <span class='ocrx_word' id='word_1_90' title='bbox 1360 999 1442 1048; x_wconf 82' lang='grc' dir='ltr'><em>καὶ</em></span> <span class='ocrx_word' id='word_1_91' title='bbox 1470 997 1755 1083; x_wconf 73' lang='grc' dir='ltr'><em>Εὐριπίδης</em></span> 
     </span>
     <span class='ocr_line' id='line_1_14' title="bbox 171 1064 1753 1151; baseline -0.001 -31"><span class='ocrx_word' id='word_1_92' title='bbox 171 1076 309 1120; x_wconf 81' lang='grc' dir='ltr'><em>ποιεῖ</em></span> <span class='ocrx_word' id='word_1_93' title='bbox 328 1070 551 1131; x_wconf 81' lang='grc' dir='ltr'><em>Φαίδραν</em></span> <span class='ocrx_word' id='word_1_94' title='bbox 586 1085 893 1151; x_wconf 84' lang='grc' dir='ltr'><em>πραττουσαν</em></span> <span class='ocrx_word' id='word_1_95' title='bbox 929 1067 980 1117; x_wconf 81' lang='grc' dir='ltr'><em>ἐν</em></span> <span class='ocrx_word' id='word_1_96' title='bbox 1004 1071 1074 1135; x_wconf 73' lang='grc' dir='ltr'><em>τῷ</em></span> <span class='ocrx_word' id='word_1_97' title='bbox 1099 1069 1441 1150; x_wconf 77' lang='grc' dir='ltr'><em>καλυπτομένῳ</em></span> <span class='ocrx_word' id='word_1_98' title='bbox 1470 1064 1753 1139; x_wconf 82' lang='grc' dir='ltr'><em>Ιππολύτῳ.</em></span> 
     </span>
     <span class='ocr_line' id='line_1_15' title="bbox 172 1132 1756 1206; baseline 0 -17"><span class='ocrx_word' id='word_1_99' title='bbox 172 1145 286 1189; x_wconf 86' lang='lat' dir='ltr'><strong>Plut.</strong></span> <span class='ocrx_word' id='word_1_100' title='bbox 312 1144 420 1188; x_wconf 84' lang='lat' dir='ltr'><em>Mor</em></span> <span class='ocrx_word' id='word_1_101' title='bbox 447 1158 489 1203; x_wconf 90' lang='lat' dir='ltr'><em>p.</em></span> <span class='ocrx_word' id='word_1_102' title='bbox 519 1143 583 1191; x_wconf 84' lang='lat'><em>28</em></span> <span class='ocrx_word' id='word_1_103' title='bbox 609 1148 671 1188; x_wconf 86' lang='lat' dir='ltr'><em>A:</em></span> <span class='ocrx_word' id='word_1_104' title='bbox 705 1138 787 1187; x_wconf 85' lang='grc' dir='ltr'><em>καὶ</em></span> <span class='ocrx_word' id='word_1_105' title='bbox 815 1132 840 1188; x_wconf 81' lang='grc' dir='ltr'><em>ὃ</em></span> <span class='ocrx_word' id='word_1_106' title='bbox 863 1133 1102 1201; x_wconf 80' lang='grc' dir='ltr'><em>σύσκηνος</em></span> <span class='ocrx_word' id='word_1_107' title='bbox 1128 1132 1282 1188; x_wconf 79' lang='grc' dir='ltr'><em>αὐτοῦ</em></span> <span class='ocrx_word' id='word_1_108' title='bbox 1307 1144 1577 1206; x_wconf 86' lang='lat' dir='ltr'><strong>(Sophoclis)</strong></span> <span class='ocrx_word' id='word_1_109' title='bbox 1606 1139 1756 1191; x_wconf 89' lang='grc' dir='ltr'><em>παλιν</em></span> 
     </span>
     <span class='ocr_line' id='line_1_16' title="bbox 171 1204 1760 1279; baseline 0.001 -20"><span class='ocrx_word' id='word_1_110' title='bbox 171 1205 294 1278; x_wconf 77' lang='grc' dir='ltr'><em>ὁρᾷς</em></span> <span class='ocrx_word' id='word_1_111' title='bbox 327 1204 401 1257; x_wconf 80' lang='grc' dir='ltr'><em>ὅτι</em></span> <span class='ocrx_word' id='word_1_112' title='bbox 436 1228 526 1270; x_wconf 88' lang='grc' dir='ltr'><em>την</em></span> <span class='ocrx_word' id='word_1_113' title='bbox 559 1228 606 1258; x_wconf 90' lang='grc' dir='ltr'><em>τε</em></span> <span class='ocrx_word' id='word_1_114' title='bbox 646 1208 871 1272; x_wconf 84' lang='grc' dir='ltr'><em>Φαίδραν</em></span> <span class='ocrx_word' id='word_1_115' title='bbox 909 1208 991 1257; x_wconf 85' lang='grc' dir='ltr'><em>καὶ</em></span> <span class='ocrx_word' id='word_1_116' title='bbox 1037 1213 1467 1273; x_wconf 80' lang='grc' dir='ltr'><em>προσεγκαλοῦσαν</em></span> <span class='ocrx_word' id='word_1_117' title='bbox 1503 1214 1571 1279; x_wconf 75' lang='grc' dir='ltr'><em>τῷ</em></span> <span class='ocrx_word' id='word_1_118' title='bbox 1607 1212 1760 1275; x_wconf 87' lang='grc' dir='ltr'><em>Θησεῖ</em></span> 
     </span>
     <span class='ocr_line' id='line_1_17' title="bbox 173 1265 1756 1341; baseline 0.002 -14"><span class='ocrx_word' id='word_1_119' title='bbox 173 1278 437 1341; x_wconf 85' lang='grc' dir='ltr'><em>πεποίηκεν</em></span> <span class='ocrx_word' id='word_1_120' title='bbox 464 1276 528 1336; x_wconf 79' lang='grc' dir='ltr'><em>ὡς</em></span> <span class='ocrx_word' id='word_1_121' title='bbox 555 1273 635 1327; x_wconf 80' lang='grc' dir='ltr'><em>δια</em></span> <span class='ocrx_word' id='word_1_122' title='bbox 668 1298 751 1336; x_wconf 87' lang='grc' dir='ltr'><em>τας</em></span> <span class='ocrx_word' id='word_1_123' title='bbox 777 1278 963 1327; x_wconf 81' lang='grc' dir='ltr'><em>ἐκείνου</em></span> <span class='ocrx_word' id='word_1_124' title='bbox 998 1279 1307 1341; x_wconf 87' lang='grc' dir='ltr'><em>παρανομίας</em></span> <span class='ocrx_word' id='word_1_125' title='bbox 1341 1265 1633 1341; x_wconf 80' lang='grc' dir='ltr'><em>ἐρασθεῖσαν</em></span> <span class='ocrx_word' id='word_1_126' title='bbox 1669 1284 1756 1330; x_wconf 84' lang='grc' dir='ltr'><em>τοῦ</em></span> 
     </span>
     <span class='ocr_line' id='line_1_18' title="bbox 168 1342 1756 1414; baseline 0.003 -18.022"><span class='ocrx_word' id='word_1_127' title='bbox 168 1342 467 1398; x_wconf 82' lang='grc' dir='ltr'><em>Ἱππολύτου.</em></span> <span class='ocrx_word' id='word_1_128' title='bbox 518 1353 697 1397; x_wconf 77' lang='lat' dir='ltr'>titulum</span> <span class='ocrx_word' id='word_1_129' title='bbox 727 1342 1005 1406; x_wconf 77' lang='grc' dir='ltr'><em>Ιππόλυτος</em></span> <span class='ocrx_word' id='word_1_130' title='bbox 1029 1345 1390 1413; x_wconf 88' lang='grc' dir='ltr'><em>καλυπτόμενος</em></span> <span class='ocrx_word' id='word_1_131' title='bbox 1414 1355 1631 1414; x_wconf 79' lang='lat' dir='ltr'><strong>praebent</strong></span> <span class='ocrx_word' id='word_1_132' title='bbox 1656 1356 1756 1401; x_wconf 88' lang='lat' dir='ltr'><strong>Pol·</strong></span> 
     </span>
    </p>
   </div>
   <div class='ocr_carea' id='block_1_4' title="bbox 171 1421 1056 1595">
    <p class='ocr_par' dir='ltr' id='par_1_4' title="bbox 171 1421 1056 1595">
     <span class='ocr_line' id='line_1_19' title="bbox 171 1421 1056 1482; baseline 0 -15"><span class='ocrx_word' id='word_1_133' title='bbox 171 1421 248 1467; x_wconf 80' lang='lat' dir='ltr'><em>lux</em></span> <span class='ocrx_word' id='word_1_134' title='bbox 274 1422 322 1482; x_wconf 84' lang='lat'><em>9,</em></span> <span class='ocrx_word' id='word_1_135' title='bbox 350 1422 416 1468; x_wconf 88' lang='lat'><em>50</em></span> <span class='ocrx_word' id='word_1_136' title='bbox 442 1428 485 1467; x_wconf 81' lang='lat' dir='ltr'><em>et</em></span> <span class='ocrx_word' id='word_1_137' title='bbox 511 1422 660 1468; x_wconf 82' lang='lat' dir='ltr'><strong>Schol.</strong></span> <span class='ocrx_word' id='word_1_138' title='bbox 687 1423 871 1468; x_wconf 83' lang='lat' dir='ltr'><strong>Theocr.</strong></span> <span class='ocrx_word' id='word_1_139' title='bbox 901 1423 948 1481; x_wconf 89' lang='grc'><em>2,</em></span> <span class='ocrx_word' id='word_1_140' title='bbox 978 1424 1056 1470; x_wconf 92' lang='grc'><em>10.</em></span> 
     </span>
     <span class='ocr_line' id='line_1_20' title="bbox 911 1543 1011 1595; baseline 0 -1"><span class='ocrx_word' id='word_1_141' title='bbox 911 1543 1011 1595; x_wconf 82' lang='lat'><em>431</em></span> 
     </span>
    </p>
   </div>
   <div class='ocr_carea' id='block_1_5' title="bbox 337 1631 1630 1788">
    <p class='ocr_par' dir='ltr' id='par_1_5' title="bbox 337 1631 1630 1788">
     <span class='ocr_line' id='line_1_21' title="bbox 337 1631 1630 1706; baseline 0.001 -17"><span class='ocrx_word' id='word_1_142' title='bbox 337 1635 396 1689; x_wconf 79' lang='grc' dir='ltr'><em>οἶ</em></span> <span class='ocrx_word' id='word_1_143' title='bbox 419 1631 524 1702; x_wconf 74' lang='grc' dir='ltr'><em>γάρ</em></span> <span class='ocrx_word' id='word_1_144' title='bbox 557 1631 777 1701; x_wconf 82' lang='grc' dir='ltr'><em>Κύπριν</em></span> <span class='ocrx_word' id='word_1_145' title='bbox 810 1631 1111 1704; x_wconf 80' lang='grc' dir='ltr'><em>φεύγοντες</em></span> <span class='ocrx_word' id='word_1_146' title='bbox 1142 1631 1458 1704; x_wconf 74' lang='grc' dir='ltr'><em>ἀνθρώπων</em></span> <span class='ocrx_word' id='word_1_147' title='bbox 1489 1631 1630 1706; x_wconf 71' lang='grc' dir='ltr'><em>ἄγαν</em></span> 
     </span>
     <span class='ocr_line' id='line_1_22' title="bbox 337 1713 1481 1788; baseline 0.003 -18"><span class='ocrx_word' id='word_1_148' title='bbox 337 1713 552 1771; x_wconf 85' lang='grc' dir='ltr'><em>νοσοῦσ’</em></span> <span class='ocrx_word' id='word_1_149' title='bbox 589 1715 783 1786; x_wconf 85' lang='grc' dir='ltr'><em>ὁμοίως</em></span> <span class='ocrx_word' id='word_1_150' title='bbox 814 1730 925 1782; x_wconf 79' lang='grc' dir='ltr'><em>τοις</em></span> <span class='ocrx_word' id='word_1_151' title='bbox 956 1741 1096 1787; x_wconf 84' lang='grc' dir='ltr'><em>αγαν</em></span> <span class='ocrx_word' id='word_1_152' title='bbox 1123 1719 1481 1788; x_wconf 83' lang='grc' dir='ltr'><em>θηρωμένοις.</em></span> 
     </span>
    </p>
   </div>
   <div class='ocr_carea' id='block_1_6' title="bbox 170 1812 1755 1942">
    <p class='ocr_par' dir='ltr' id='par_1_6' title="bbox 170 1812 1755 1942">
     <span class='ocr_line' id='line_1_23' title="bbox 276 1812 1755 1874; baseline 0.003 -18"><span class='ocrx_word' id='word_1_153' title='bbox 276 1812 554 1859; x_wconf 77' lang='lat' dir='ltr'><strong>Stob.F10r.</strong></span> <span class='ocrx_word' id='word_1_154' title='bbox 593 1813 683 1869; x_wconf 83' lang='lat'><em>63,</em></span> <span class='ocrx_word' id='word_1_155' title='bbox 730 1813 760 1860; x_wconf 89' lang='grc'><strong>3</strong></span> <span class='ocrx_word' id='word_1_156' title='bbox 801 1820 846 1858; x_wconf 84' lang='lat' dir='ltr'><em>et</em></span> <span class='ocrx_word' id='word_1_157' title='bbox 878 1814 993 1859; x_wconf 85' lang='lat' dir='ltr'><strong>Plut.</strong></span> <span class='ocrx_word' id='word_1_158' title='bbox 1028 1814 1136 1860; x_wconf 78' lang='lat' dir='ltr'><strong>Mor.</strong></span> <span class='ocrx_word' id='word_1_159' title='bbox 1172 1830 1216 1874; x_wconf 90' lang='lat' dir='ltr'><strong>p.</strong></span> <span class='ocrx_word' id='word_1_160' title='bbox 1255 1816 1424 1862; x_wconf 74' lang='lat'><em>7783.</em></span> <span class='ocrx_word' id='word_1_161' title='bbox 1490 1830 1554 1860; x_wconf 89' lang='lat' dir='ltr'><em>vs.</em></span> <span class='ocrx_word' id='word_1_162' title='bbox 1591 1815 1618 1860; x_wconf 91' lang='grc'>2</span> <span class='ocrx_word' id='word_1_163' title='bbox 1656 1817 1755 1871; x_wconf 86' lang='grc' dir='ltr'><em>τοῖς</em></span> 
     </span>
     <span class='ocr_line' id='line_1_24' title="bbox 170 1873 732 1942; baseline 0.005 -17"><span class='ocrx_word' id='word_1_164' title='bbox 170 1873 434 1926; x_wconf 64' lang='grc' dir='ltr'><em>διώκουσα</em></span> <span class='ocrx_word' id='word_1_165' title='bbox 458 1873 582 1942; x_wconf 78' lang='grc' dir='ltr'><em>ἄγαν</em></span> <span class='ocrx_word' id='word_1_166' title='bbox 607 1882 732 1928; x_wconf 86' lang='lat' dir='ltr'><strong>Stob.</strong></span> 
     </span>
    </p>
   </div>
   <div class='ocr_carea' id='block_1_7' title="bbox 338 1976 1109 2304">
    <p class='ocr_par' dir='ltr' id='par_1_7' title="bbox 338 1976 1109 2304">
     <span class='ocr_line' id='line_1_25' title="bbox 908 1976 1012 2028; baseline 0 -1"><span class='ocrx_word' id='word_1_167' title='bbox 908 1976 1012 2028; x_wconf 73' lang='lat'><em>432</em></span> 
     </span>
     <span class='ocr_line' id='line_1_26' title="bbox 338 2061 1099 2136; baseline 0.004 -17"><span class='ocrx_word' id='word_1_168' title='bbox 338 2061 458 2119; x_wconf 74' lang='grc' dir='ltr'><em>ἀντὶ</em></span> <span class='ocrx_word' id='word_1_169' title='bbox 491 2064 661 2134; x_wconf 84' lang='grc' dir='ltr'><em>πυρὸς</em></span> <span class='ocrx_word' id='word_1_170' title='bbox 691 2064 795 2135; x_wconf 81' lang='grc' dir='ltr'><em>γὰρ</em></span> <span class='ocrx_word' id='word_1_171' title='bbox 827 2063 957 2121; x_wconf 65' lang='grc' dir='ltr'><em>ἄλλο</em></span> <span class='ocrx_word' id='word_1_172' title='bbox 989 2070 1099 2136; x_wconf 84' lang='grc' dir='ltr'><em>πῦρ</em></span> 
     </span>
     <span class='ocr_line' id='line_1_27' title="bbox 338 2147 1109 2220; baseline 0.006 -18"><span class='ocrx_word' id='word_1_173' title='bbox 338 2154 522 2217; x_wconf 81' lang='grc' dir='ltr'><em>μεῖζον</em></span> <span class='ocrx_word' id='word_1_174' title='bbox 555 2147 884 2220; x_wconf 78' lang='grc' dir='ltr'><em>ἐβλάστομεν</em></span> <span class='ocrx_word' id='word_1_175' title='bbox 913 2164 1109 2220; x_wconf 86' lang='grc' dir='ltr'><em>γυναῖ-</em></span> 
     </span>
     <span class='ocr_line' id='line_1_28' title="bbox 338 2231 1061 2304; baseline 0.007 -19"><span class='ocrx_word' id='word_1_176' title='bbox 338 2254 427 2296; x_wconf 86' lang='grc' dir='ltr'><em>κες</em></span> <span class='ocrx_word' id='word_1_177' title='bbox 457 2231 595 2287; x_wconf 75' lang='grc' dir='ltr'><em>πολὺ</em></span> <span class='ocrx_word' id='word_1_178' title='bbox 629 2231 1061 2304; x_wconf 78' lang='grc' dir='ltr'><em>ὃυσμαχοότερον.</em></span> 
     </span>
    </p>
   </div>
   <div class='ocr_carea' id='block_1_8' title="bbox 166 2327 1750 2460">
    <p class='ocr_par' dir='ltr' id='par_1_8' title="bbox 166 2327 1750 2460">
     <span class='ocr_line' id='line_1_29' title="bbox 277 2327 1750 2392; baseline 0.005 -21"><span class='ocrx_word' id='word_1_179' title='bbox 277 2327 399 2372; x_wconf 69' lang='lat' dir='ltr'><strong>Stob.</strong></span> <span class='ocrx_word' id='word_1_180' title='bbox 437 2328 557 2373; x_wconf 81' lang='lat' dir='ltr'><strong>Flor.</strong></span> <span class='ocrx_word' id='word_1_181' title='bbox 588 2329 678 2386; x_wconf 81' lang='lat'><em>73,</em></span> <span class='ocrx_word' id='word_1_182' title='bbox 717 2329 779 2375; x_wconf 87' lang='grc'><em>23</em></span> <span class='ocrx_word' id='word_1_183' title='bbox 817 2338 861 2374; x_wconf 77' lang='lat' dir='ltr'><em>et</em></span> <span class='ocrx_word' id='word_1_184' title='bbox 896 2330 1094 2376; x_wconf 82' lang='lat' dir='ltr'>Clemens</span> <span class='ocrx_word' id='word_1_185' title='bbox 1130 2331 1249 2376; x_wconf 82' lang='lat' dir='ltr'><strong>Alex.</strong></span> <span class='ocrx_word' id='word_1_186' title='bbox 1287 2331 1448 2377; x_wconf 83' lang='lat' dir='ltr'><strong>Strom.</strong></span> <span class='ocrx_word' id='word_1_187' title='bbox 1478 2333 1528 2376; x_wconf 89' lang='lat' dir='ltr'><em>VI</em></span> <span class='ocrx_word' id='word_1_188' title='bbox 1564 2348 1605 2392; x_wconf 90' lang='lat' dir='ltr'><strong>p.</strong></span> <span class='ocrx_word' id='word_1_189' title='bbox 1636 2333 1750 2379; x_wconf 76' lang='lat'><strong>7452.</strong></span> 
     </span>
     <span class='ocr_line' id='line_1_30' title="bbox 166 2397 1042 2460; baseline 0.003 -19"><span class='ocrx_word' id='word_1_190' title='bbox 166 2399 354 2457; x_wconf 72' lang='lat' dir='ltr'><strong>respicit</strong></span> <span class='ocrx_word' id='word_1_191' title='bbox 378 2397 553 2442; x_wconf 84' lang='lat' dir='ltr'>Nicetas</span> <span class='ocrx_word' id='word_1_192' title='bbox 578 2397 743 2458; x_wconf 82' lang='lat' dir='ltr'><strong>Eugen.</strong></span> <span class='ocrx_word' id='word_1_193' title='bbox 775 2398 823 2457; x_wconf 87' lang='grc'><em>2,</em></span> <span class='ocrx_word' id='word_1_194' title='bbox 852 2399 947 2445; x_wconf 87' lang='grc'><em>347</em></span> <span class='ocrx_word' id='word_1_195' title='bbox 978 2415 1042 2460; x_wconf 83' lang='lat' dir='ltr'><em>sq.</em></span> 
     </span>
    </p>
   </div>
   <div class='ocr_carea' id='block_1_9' title="bbox 338 2534 1502 2694">
    <p class='ocr_par' dir='ltr' id='par_1_9' title="bbox 338 2534 1502 2694">
     <span class='ocr_line' id='line_1_31' title="bbox 909 2534 1011 2586; baseline 0 -1"><span class='ocrx_word' id='word_1_196' title='bbox 909 2534 1011 2586; x_wconf 78' lang='grc'><em>433</em></span> 
     </span>
     <span class='ocr_line' id='line_1_32' title="bbox 338 2620 1502 2694; baseline 0.002 -18"><span class='ocrx_word' id='word_1_197' title='bbox 338 2626 441 2693; x_wconf 84' lang='grc' dir='ltr'><em>ἔχω</em></span> <span class='ocrx_word' id='word_1_198' title='bbox 474 2623 530 2677; x_wconf 75' lang='grc' dir='ltr'><em>δὲ</em></span> <span class='ocrx_word' id='word_1_199' title='bbox 562 2620 758 2694; x_wconf 82' lang='grc' dir='ltr'><em>τόλμης</em></span> <span class='ocrx_word' id='word_1_200' title='bbox 788 2624 876 2677; x_wconf 83' lang='grc' dir='ltr'><em>καὶ</em></span> <span class='ocrx_word' id='word_1_201' title='bbox 901 2621 1143 2692; x_wconf 75' lang='grc' dir='ltr'><em>θράσους</em></span> <span class='ocrx_word' id='word_1_202' title='bbox 1170 2623 1502 2683; x_wconf 74' lang='grc' dir='ltr'><em>διδάσκαλον</em></span> 
     </span>
    </p>
   </div>
   <div class='ocr_carea' id='block_1_10' title="bbox 184 2743 507 2751">
    <p class='ocr_par' dir='ltr' id='par_1_10' title="bbox 184 2743 507 2751">
     <span class='ocr_line' id='line_1_33' title="bbox 184 2743 507 2751; baseline 0 388"><span class='ocrx_word' id='word_1_203' title='bbox 184 2743 507 2751; x_wconf 95' lang='lat' dir='ltr'><em> </em></span> 
     </span>
    </p>
   </div>
   <div class='ocr_carea' id='block_1_11' title="bbox 170 2782 1748 2952">
    <p class='ocr_par' dir='ltr' id='par_1_11' title="bbox 170 2782 1748 2952">
     <span class='ocr_line' id='line_1_34' title="bbox 279 2782 1748 2854; baseline 0.005 -32.143"><span class='ocrx_word' id='word_1_204' title='bbox 279 2782 320 2834; x_wconf 91' lang='lat'><em>⁸)</em></span> <span class='ocrx_word' id='word_1_205' title='bbox 358 2784 477 2825; x_wconf 85' lang='lat' dir='ltr'>Hinc</span> <span class='ocrx_word' id='word_1_206' title='bbox 511 2787 584 2825; x_wconf 87' lang='lat' dir='ltr'><em>Ar.</em></span> <span class='ocrx_word' id='word_1_207' title='bbox 617 2787 728 2826; x_wconf 87' lang='lat' dir='ltr'><strong>Ran.</strong></span> <span class='ocrx_word' id='word_1_208' title='bbox 763 2788 867 2827; x_wconf 82' lang='lat'>1043</span> <span class='ocrx_word' id='word_1_209' title='bbox 899 2787 1167 2854; x_wconf 84' lang='lat' dir='ltr'><strong>Aeschylum</strong></span> <span class='ocrx_word' id='word_1_210' title='bbox 1199 2788 1313 2828; x_wconf 83' lang='lat' dir='ltr'>haec</span> <span class='ocrx_word' id='word_1_211' title='bbox 1345 2788 1569 2829; x_wconf 77' lang='lat' dir='ltr'>dicentem</span> <span class='ocrx_word' id='word_1_212' title='bbox 1613 2789 1748 2829; x_wconf 86' lang='lat' dir='ltr'><strong>facit.</strong></span> 
     </span>
     <span class='ocr_line' id='line_1_35' title="bbox 170 2827 1335 2894; baseline 0.007 -18"><span class='ocrx_word' id='word_1_213' title='bbox 170 2827 264 2877; x_wconf 76' lang='grc' dir='ltr'><em>ἀλλ’</em></span> <span class='ocrx_word' id='word_1_214' title='bbox 299 2830 354 2879; x_wconf 79' lang='grc' dir='ltr'><em>οὗ</em></span> <span class='ocrx_word' id='word_1_215' title='bbox 384 2836 450 2891; x_wconf 83' lang='grc' dir='ltr'><em>μὰ</em></span> <span class='ocrx_word' id='word_1_216' title='bbox 478 2833 562 2881; x_wconf 88' lang='grc' dir='ltr'><em>Δι’</em></span> <span class='ocrx_word' id='word_1_217' title='bbox 599 2834 654 2882; x_wconf 80' lang='grc' dir='ltr'><em>οὗ</em></span> <span class='ocrx_word' id='word_1_218' title='bbox 676 2840 887 2892; x_wconf 81' lang='grc' dir='ltr'><em>Φαίδρας</em></span> <span class='ocrx_word' id='word_1_219' title='bbox 920 2837 1114 2884; x_wconf 85' lang='grc' dir='ltr'><em>ἐποίουν</em></span> <span class='ocrx_word' id='word_1_220' title='bbox 1140 2836 1335 2894; x_wconf 85' lang='grc' dir='ltr'><em>πόρνας.</em></span> 
     </span>
     <span class='ocr_line' id='line_1_36' title="bbox 254 2905 1415 2952; baseline 0.012 -16"><span class='ocrx_word' id='word_1_221' title='bbox 254 2905 494 2940; x_wconf 48' lang='lat' dir='ltr'><em>Eunus-01..</em></span> <span class='ocrx_word' id='word_1_222' title='bbox 517 2916 573 2941; x_wconf 85' lang='lat' dir='ltr'><em>m.</em></span> <span class='ocrx_word' id='word_1_223' title='bbox 1391 2915 1415 2952; x_wconf 91' lang='grc'>8</span> 
     </span>
    </p>
   </div>
  </div>
 </body>
</html>
