2077 3139
760 117 1169 158 ΦΙΛΟΚΤΗΤΗΣ
1507 160 1511 163 ,
1649 113 1748 165 217

168 257 253 311 τόν
276 279 330 325 γε
365 260 636 331 διαπορῶν
648 250 771 321 ’ὑπὲρ
798 248 975 317 αὑτοῦ,
1012 249 1078 319 μὴ
1103 250 1198 316 ἄρα
1237 255 1358 335 δοκῇ
1382 253 1471 319 μὲν
1506 259 1606 319 τοῖς
1639 258 1751 302 πολ·

169 335 271 389 λοῖς
304 325 456 392 σοφός
479 348 553 386 τις
588 332 717 375 εἰναι
743 326 825 375 καὶ
854 324 1102 409 διαφέρων
1134 318 1222 387 τὴν
1247 324 1470 382 σύνεσιν,
1508 320 1539 392 ’ᾗ
1565 323 1615 373 δὲ
1641 319 1751 372 1:06-

169 401 382 449 ναντίον.
442 405 471 462 3
509 401 596 447 12:
640 391 747 455 ἐξὸν
779 392 871 460 γὰρ
906 390 1041 463 αὐτῷ
1075 388 1271 453 ἀλύπως
1305 394 1388 443 καὶ
1430 390 1754 481 ἀπραγμόνως

171 471 285 532 ζῆν,
321 464 349 518 ὃ
383 467 433 518 δὲ
471 461 597 516 ἕκῶν
631 460 706 514 ἀεὶ
744 464 796 514 ἐν
830 448 1080 530 πράγμασι
1116 463 1199 513 καὶ
1234 461 1485 523 κινδύνοις
1523 465 1753 528 γίγνεται.

169 535 345 588 τούτου
373 538 423 587 δὲ
449 535 601 600 φησὶν
619 537 778 584 αἴτιον
804 554 875 583 ειι
879 555 930 583 αι
954 554 1043 597 την
1061 536 1160 582 τῶν
1186 530 1385 597 εὐφυῶν
1407 533 1490 582 καὶ
1515 533 1754 597 γενναίων

169 603 367 672 ἀνδρῶν
401 607 696 686 φιλοτιμίαν.
750 601 890 667 δόξης
924 624 1015 669 γαρ
1049 596 1245 669 αγαθῆς
1283 603 1526 667 ἐφιέμενοι
1559 603 1641 651 καὶ
1670 605 1754 651 τοῦ

171 653 381 736 εὐκλεεῖς
416 695 547 739 παρα
580 690 729 724 πασιν
753 670 1037 756 ανθρώποις
1072 679 1199 723 εἰναι
1223 675 1475 755 μεγίστους
1510 692 1593 720 και
1619 676 1753 735 χαλε-

170 746 416 806 πωτάτους
452 743 643 803 ἑκόντες
667 741 846 803 πόνους
881 738 1190 807 ὑφίστανται·
1229 736 1399 793 οὐδὲν
1430 773 1486 780 -
1519 742 1642 804 «ξ”φυ
1681 746 1751 804 (fx.

173 820 388 880 786,1).
441 816 605 865 ἔπειτα
628 816 793 877 σαφῶς
820 813 903 862 καὶ
929 809 1144 900 ἀκριβῶς
1174 813 1314 876 δηλοῖ
1343 809 1454 894 τὴν
1459 815 1544 860 τοῦ
1573 805 1754 875 δραμα-

170 907 250 947 τος
285 857 532 936 ὑπόθεσιν
575 884 656 934 καὶ
701 888 758 934 οὐ
806 883 972 933 ἕνεκεν
1016 843 1256 946 ἐλήλυθεν
1297 884 1363 942 εἰς
1405 903 1492 946 την
1529 885 1757 944 Λῆμνον.

170 963 225 1037 3
235 961 324 1008 13.
366 958 492 1019 φησί
521 974 569 1004 τε
604 949 701 1004 ὑπὸ
736 956 822 1016 τῆς
849 947 1066 1017 Ἀθηνᾶς
1102 948 1427 1016 ἠλλοιῶσθαι,
1466 947 1583 1002 ὥστε
1620 952 1756 999 ἐντυ-

171 1022 317 1092 χόντα
342 1028 410 1094 τῷ
441 1021 722 1093 Φιλοκτήτῃ
746 1043 812 1087 μη
834 1026 1123 1089 γνωσθῆναι
1149 1019 1226 1072 ὑπ’
1255 1019 1404 1072 αὐτοῦ
1429 1051 1513 1072 -.
1564 1024 1691 1084 φησί
1708 1039 1758 1068 τε

170 1097 428 1161 πρεσβείαν
463 1095 651 1160 μέλλειν
686 1113 817 1156 παρα
843 1097 940 1143 τῶν
972 1090 1149 1158 Τρώων
1183 1089 1507 1155 ἀφικνεῖσθαι
1530 1087 1649 1156 πρὸς
1674 1086 1757 1138 τὸν

175 1164 485 1228 Φιλοκτήτην
518 1166 812 1228 δεησομένην
846 1158 996 1213 αὐτόν
1023 1183 1072 1213 τε
1096 1161 1177 1211 καὶ
1206 1183 1262 1211 τα
1285 1162 1409 1212 ὅπλα
1438 1161 1639 1219 ἐκείνοις
1664 1179 1756 1208 πα-

172 1242 367 1303 ρασχεῖν
389 1234 468 1284 ἐπὶ
495 1239 554 1303 τῇ
582 1255 667 1298 της
693 1235 865 1298 Τροίας
885 1236 1120 1302 βασιλεία,
1143 1230 1487 1314 ποικιλώτερον
1515 1226 1566 1280 τὸ
1599 1231 1758 1316 δρᾶμα

172 1301 545 1363 κατασκευαζων
571 1303 654 1352 καὶ
680 1299 984 1367 ἀνευρίσκων
1008 1301 1163 1369 λόγων
1185 1296 1431 1384 ἆφορμας,
1460 1294 1578 1350 καθ
1608 1321 1667 1359 ας
1693 1301 1759 1359 εἰς

171 1371 403 1426 ταναντία
418 1373 676 1464 ἐπιχειρῶν
702 1369 1033 1436 εὐπορώτατος
1059 1372 1139 1421 καὶ
1173 1392 1271 1436 παρ
1321 1367 1547 1422 ὁντινοῦν
1575 1369 1758 1419 ικανῶ-

172 1465 310 1506 τατος
335 1447 574 1506 φαίνεται.
627 1446 654 1524 3
685 1441 772 1494 14:
808 1439 866 1492 οὐ
892 1442 1045 1508 μόνον
1073 1441 1124 1491 δὲ
1158 1443 1391 1506 πεποίηκε
1416 1436 1501 1491 τὸν
1529 1435 1760 1490 Οδυσσέα

173 1511 590 1599 παραγινόμενον,
623 1507 746 1562 αλλα
770 1533 887 1577 μετα
922 1516 1008 1562 τοῦ
1036 1512 1317 1578 Διομήδους
1342 1543 1409 1550 —
1439 1532 1522 1561 και
1546 1506 1598 1559 τὸ
1625 1506 1758 1572 όλον,

173 1581 238 1646 ῶς
264 1586 408 1649 ἔφην,
436 1578 502 1633 δι’
532 1580 646 1632 ὅλου
670 1587 756 1633 τοῦ
779 1579 1020 1648 δραματος
1045 1585 1273 1646 πλείστην
1298 1582 1385 1646 μὲν
1413 1582 1463 1631 ἐν
1488 1586 1587 1639 τοῖς
1611 1577 1761 1644 πράγ-

173 1672 288 1720 μασι
326 1654 519 1704 σύνεσιν
554 1653 638 1702 καὶ
677 1651 992 1716 πιθανότητα
1029 1652 1383 1713 ἐπιδείκνυται,
1420 1647 1672 1716 ἀμήχανον
1710 1649 1762 1699 δε

174 1747 259 1775 και
285 1718 610 1804 θαυμαστὴν
616 1723 668 1773 ἐν
693 1729 791 1782 τοῖς
816 1719 976 1788 λόγοις
1003 1721 1240 1785 δυ’ναιιιν,
1280 1721 1360 1770 καὶ
1388 1721 1445 1771 τά
1482 1741 1531 1771 τε
1567 1721 1762 1800 ἰαμβεῖα

175 1798 343 1858 σαφῶς
377 1795 461 1844 καὶ
495 1814 619 1842 κατα
655 1791 809 1855 φύσιν
842 1793 924 1842 καὶ
962 1796 1222 1851 πολιτικῶς
1249 1792 1417 1871 ἔχοντα
1450 1791 1532 1840 καὶ
1559 1810 1617 1838 τα
1642 1790 1762 1862 μέλη

178 1859 237 1914 οὗ
257 1865 410 1929 μόνον
434 1859 638 1927 ηδονήν,
655 1858 774 1912 ἄλλα
792 1863 874 1911 καὶ
900 1857 1083 1925 πολλήν
1102 1860 1221 1924 πρὸς
1240 1856 1418 1928 ἆρετην
1439 1853 1761 1925 παρακλησιν.

175 1941 283 1986 adde
317 1940 515 1986 eiusdem
552 1940 701 1983 Dionis
739 1939 966 1998 Chrysost.
1004 1945 1117 1982 orat.
1153 1937 1215 1983 59
1254 1946 1660 1987 ΦΙΛΟΚΤΗΤΗΣ
1697 1935 1762 1980 in-

175 2012 404 2070 scriptam,
432 2023 563 2069 quam
589 2011 807 2068 integram
833 2008 1092 2054 subicimus.

283 2091 387 2136 OA.
437 2089 706 2165 Φοβοῦμαι
724 2108 829 2151 μη
817 2105 931 2136 ποτε
956 2105 1117 2150 ματην
1143 2080 1249 2134 κατ’
1279 2084 1398 2149 ἐμοῦ
1432 2089 1623 2148 φανῶσι
1650 2079 1762 2134 ταῦ-

174 2177 264 2222 την
299 2159 350 2206 οἷ
378 2156 643 2239 σύμμαχοι
657 2150 747 2219 τὴν
787 2155 934 2217 δόξαν
970 2153 1217 2220 ειληφότες
1252 2153 1317 2214 ῶς
1350 2153 1547 2215 αρίστου
1586 2149 1644 2216 δὴ
1680 2153 1762 2203 καὶ

174 2244 464 2289 σοφωτατου
504 2231 602 2277 τῶν
632 2221 896 2289 Ελλήνων,
946 2228 1105 2276 καίτοι
1140 2227 1258 2274 ποιά
1281 2246 1352 2284 τις
1390 2221 1420 2287 ἡ
1457 2223 1656 2285 τοιαύτη
1683 2240 1764 2273 σο-

177 2299 267 2360 φία
292 2297 374 2346 καὶ
385 2294 663 2383 φρόνησις,
693 2290 753 2346 δι’
783 2294 845 2360 ἤν
870 2317 941 2357 τις
966 2293 1288 2361 αναγκαζεται
1313 2298 1463 2344 πλείω
1488 2296 1584 2342 τῶν
1605 2289 1764 2343 α’λλων

175 2373 346 2416 πονεῖν
371 2360 493 2430 ὑπὲρ
530 2369 612 2429 τῆς
638 2369 806 2432 κοινῆς
842 2367 1078 2430 σωτηρίας
1103 2364 1186 2414 καὶ
1220 2366 1387 2426 νίκης,
1424 2359 1530 2424 ἐξὸν
1557 2383 1642 2412 ενα
1677 2368 1766 2412 τοῦ

175 2432 401 2518 πλήθους
444 2438 682 2485 δοκοῦντα
716 2432 923 2501 μηδενὸς
957 2437 1154 2485 ἔλαττον
1190 2433 1242 2483 ἐν
1274 2431 1464 2494 τούτοις
1507 2434 1634 2497 ἔχειν
1669 2435 1766 2482 τῶν

174 2501 408 2568 αρίστων;
443 2499 566 2555 αλλα
599 2526 690 2589 γαρ
726 2507 840 2565 ἴσως
867 2499 1077 2588 χαλεπὸν
1113 2498 1274 2567 εῦρεῖν
1299 2499 1425 2554 οὕτω
1457 2499 1767 2568 μεγαλόφρον

176 2576 260 2625 καὶ
297 2573 555 2640 φιλότιμον
598 2569 767 2626 ὁτιοῦν
805 2574 870 2634 ῶς
904 2570 1029 2642 ἀνὴρ
1063 2574 1299 2637 πέφυκεν.
1351 2568 1462 2632 τοὺς
1495 2593 1588 2637 γαρ
1615 2591 1764 2635 φανε-

176 2640 292 2711 ροὺς
337 2646 420 2695 καὶ
464 2646 709 2695 πλειόνων
750 2643 995 2695 ἅπτεσθαι
1038 2647 1314 2726 τολμῶντας
1357 2636 1525 2707 σχεδὸν
1567 2638 1766 2698 τούτους

175 2735 354 2774 παντες
386 2714 702 2778 θαυμαζομεν
727 2715 810 2764 καὶ
847 2717 918 2765 τῶ
943 2712 1049 2764 ὅντι
1076 2710 1257 2778 ἄνδρας
1281 2708 1558 2799 ηγούμεθαῶ
1609 2717 1653 2762 2.
1681 2705 1762 2772 ὑφ’

177 2806 238 2849 ης
264 2788 541 2872 φιλοτιμίας
568 2781 704 2851 καγῶ
721 2803 1028 2868 προαγομαι
1028 2789 1224 2834 πλεῖστα
1247 2780 1504 2862 πράγματα
1531 2782 1656 2845 ἔχειν
1682 2780 1765 2830 καὶ

178 2855 315 2919 ζῆν’
293 2852 536 2916 επιπόνως
563 2852 677 2922 παρ’
712 2849 966 2918 ὁντινοῦν,
1003 2849 1082 2905 ἆεί
1102 2875 1212 2904 τινα
1245 2848 1624 2918 προσδεχόμενος
1657 2871 1764 2900 και-
