2077 3139
232 145 327 179 vm
832 101 837 105 ⁸
853 124 1201 166 PRAEFATIO

231 275 268 316 si
295 273 366 317 cui
393 270 668 316 fastidiosius
695 270 842 329 egisse
869 268 1042 324 videar,
1078 267 1115 311 is
1142 267 1393 313 meminerit
1418 268 1461 312 in
1488 267 1648 314 laceris
1674 269 1818 329 perdi·

233 349 376 387 tarum
421 340 623 399 reliquiis
667 340 776 384 certi
821 338 1062 397 quidquam
1108 337 1319 399 indagare
1363 351 1461 382 esse
1510 338 1817 385 difficillimum

233 418 368 471 atque
421 408 741 455 insanabilibus
798 406 1054 452 vulneribus
1105 405 1272 451 frustra
1318 407 1530 453 medelam
1577 408 1816 454 admoveri.

233 481 414 526 eandem
449 480 506 525 ob
539 492 739 524 caussam
776 491 910 522 vanos
950 476 1251 522 existimamus
1288 491 1443 522 eorum
1487 486 1700 536 conatus,
1744 481 1818 537 qui

233 551 503 610 perditarum
531 549 782 594 fabularum
811 547 1114 592 oeconomiam
1141 561 1164 591 e
1192 546 1392 606 rquuiis
1420 547 1606 593 fortuito
1634 550 1820 593 servatis

233 621 481 665 instaurare
516 624 846 678 temptaverunt
881 631 931 662 ac
968 616 1170 676 singulae
1214 618 1462 662 sententiae
1503 620 1591 662 sive
1626 619 1760 663 certis
1797 631 1821 661 e

234 689 394 735 sabulis
421 691 510 734 sive
538 689 634 733 sine
660 687 834 732 fabulae
859 687 1040 731 nomine
1067 686 1255 732 traditae
1282 701 1370 746 qno
1399 688 1443 731 in
1470 701 1584 732 nexu
1611 689 1819 746 primitus

235 760 423 817 suerint,
459 758 563 804 sciri
598 771 733 818 posse
769 763 1001 817 putarunt.
1065 771 1154 816 quo
1193 758 1235 801 in
1273 770 1438 816 genere
1474 756 1740 802 confidentia
1776 765 1820 801 et

233 828 410 873 levitate
436 842 590 873 omnes
616 828 844 887 superavit
868 827 899 871 Ι.
928 828 978 870 Α.
1008 826 1299 885 Hartungius,
1325 828 1451 871 cuius
1477 827 1653 872 decreta
1683 841 1820 886 quan·

234 906 327 943 tum
355 913 376 942 a
403 900 672 957 scriptorum
707 897 975 942 testimoniis
1010 897 1237 942 discedant
1271 910 1324 942 ex
1358 898 1413 941 iis
1442 910 1554 956 quae
1587 897 1632 941 in
1658 896 1820 942 Philol.

231 968 318 1013 vol.
347 968 377 1014 8
404 984 448 1028 p.
478 967 753 1014 562—565
782 966 969 1011 diximus
997 966 1124 1011 sacile
1150 965 1336 1026 patebit.

337 1051 419 1096 Sed
455 1053 500 1096 in
536 1052 607 1096 his
643 1051 919 1111 perditarum
954 1050 1287 1110 tragoediarum
1331 1050 1535 1110 reliquiis
1581 1064 1709 1110 quam
1754 1052 1820 1095 in·

232 1128 354 1167 certa
391 1123 480 1166 sint
506 1122 651 1166 omnia
677 1128 722 1165 et
755 1121 934 1181 quantis
961 1120 1169 1166 obvoluta
1206 1119 1430 1176 tenebris,
1466 1127 1516 1164 ut
1549 1118 1823 1166 luculentius

233 1199 469 1251 appareat„
497 1191 763 1250 superstites
792 1198 881 1236 tres
908 1190 1130 1250 Euripidis
1156 1189 1436 1250 tragoedias,
1463 1188 1705 1247 Electram,
1732 1189 1817 1234 He-

233 1261 447 1320 raclidas,
484 1260 744 1319 Herculem,
773 1260 992 1320 fingemus
1020 1274 1118 1305 esse
1146 1259 1272 1305 nobis
1301 1267 1501 1319 ereptas,
1538 1267 1582 1304 et
1609 1259 1822 1319 reliquias

232 1344 384 1376 earum
410 1344 461 1375 ex
487 1332 746 1391 sequiorum
774 1330 1045 1389 scriptorum
1071 1329 1198 1374 libris
1224 1329 1437 1375 collectas
1464 1343 1753 1390 apponemus·

856 1493 1194 1537 HAEKTPA

1014 1594 1042 1642 Ι

434 1668 791 1740 Ἀγαμέμνονος
829 1680 866 1724 ὠ
905 1672 1042 1739 κόσα,

440 1742 651 1809 ἤλυθον,
671 1741 926 1810 Ἠλέκτρα,
953 1744 1062 1793 ποτὶ
1089 1740 1180 1793 σὰν
1204 1736 1490 1811 ἀγρότειραν
1517 1737 1687 1796 αυλᾶν.

335 1848 453 1896 Plut.
482 1848 532 1895 V.
559 1848 770 1908 Lysandri
797 1863 834 1894 c.
865 1847 943 1894 15.
998 1843 1087 1909 [El.
1121 1847 1215 1894 167
1245 1842 1339 1909 sq.]

1005 1985 1060 2032 II

313 2077 414 2118 HA.
445 2074 541 2115 ποῦ
565 2069 654 2131 γῆς
677 2061 702 2116 ὃ
731 2064 925 2130 τλήμων
951 2062 1194 2129 τλημονας
1220 2085 1379 2130 φυγας
1405 2065 1530 2128 ἔχεις

316 2147 407 2187 ΟΡ.
449 2132 535 2221 οὐχ
562 2136 648 2186 ἕνα
674 2139 884 2200 νομίζων
908 2139 1162 2199 φθείοεται
1189 2132 1371 2194 πόλεως
1397 2136 1562 2184 τόπον.

312 2221 415 2260 HA.
447 2198 479 2267 ἦ
504 2225 599 2255 που
622 2208 840 2267 σπανίζει
864 2213 954 2256 τοῦ
979 2204 1101 2254 καθ’
1129 2202 1313 2270 ἡμέραν
1338 2208 1476 2287 βίους

312 2291 406 2332 ΟΡ
448 2276 543 2340 ἔχει
568 2275 671 2340 μέν,
697 2270 911 2339 ἀσθενὴς
942 2274 1041 2326 δὲ’
1016 2276 1101 2328 α’τε
1127 2272 1323 2340 φεύγων
1348 2270 1489 2338 ἀνήρ.

339 2378 415 2424 Dio
443 2378 596 2438 Chrys.
626 2379 715 2436 13,
743 2378 788 2424 5.
841 2378 916 2424 ubi
943 2387 1103 2438 poetae
1128 2391 1288 2423 nomen
1315 2379 1564 2433 omittitur,
1591 2375 1667 2420 sed
1694 2375 1822 2420 Euri-

235 2449 390 2509 pideae
423 2447 621 2494 Electrae
657 2462 756 2493 esse
792 2448 937 2493 locum
982 2449 1111 2494 facile
1157 2455 1334 2507 poterat
1377 2448 1534 2493 conici.
1594 2441 1682 2509 [El.
1722 2445 1821 2491 233

987 2587 1072 2634 III

447 2661 538 2716 οὐκ
564 2659 659 2716 ἔστ’
677 2664 887 2747 ἀκριβὲς
912 2661 1054 2716 ουδὲν
1081 2667 1147 2726 εἰς
1171 2662 1464 2727 εὖανδ’·ριαν

447 2738 606 2799 ἔχουσι
613 2756 719 2818 γαρ
748 2732 996 2801 ταοαγμὸν
1021 2737 1079 2785 αἶ
1098 2733 1270 2800 φύσεις
1295 2737 1511 2815 βροτῶν·

446 2803 543 2888 ἤδη
566 2802 659 2872 γὰρ
686 2804 816 2857 εἶδον
842 2803 997 2869 ἄνδρα
1021 2809 1249 2870 γενναίου
1273 2799 1453 2869 πατρὸς

447 2870 502 2927 τὸ
527 2873 720 2941 μηδὲν’
704 2873 837 2940 ὄντα,
862 2872 1041 2942 χρηστοὶ
1069 2872 1196 2925 δ’ἐκ
1221 2877 1387 2924 κακῶν
1412 2873 1571 2923 τέκνα.
