2077 3139
736 120 1114 161 MEAANmnH
1636 117 1736 170 133

259 265 444 308 Aristot.
481 262 582 309 Eth.
607 263 772 308 Nicom.
811 261 869 320 5,
907 261 936 307 2
973 277 1017 322 p.
1047 261 1227 307 1129b
1255 261 1343 308 28:
1380 257 1607 321 κρατίστη
1640 259 1740 306 τῶν

154 323 339 389 ἀρετῶν
373 325 498 378 εἶναι
534 328 671 376 δοκεῖ
706 319 738 390 ἡ
775 326 1063 388 δικαιοσύνη
1106 326 1189 374 καὶ
1226 322 1341 375 οὔθ’
1381 327 1580 389 ἕσπερος
1614 321 1734 376 οὔθ’

156 397 274 465 ἑῷος
311 398 440 449 οὕτω
473 395 770 460 θαυμαστός
821 402 898 447 ubi
923 401 1135 446 ScholIOn
1163 400 1327 446 codicis
1352 402 1489 447 Paris.
1519 400 1653 448 1854
1686 402 1738 446 ab

156 473 332 518 Osanno
367 475 413 518 in
439 470 588 517 Wolfii
625 471 749 516 Anal.
777 471 864 516 vol.
894 471 922 515 2
957 486 1000 531 p.
1032 470 1131 517 538
1169 471 1358 516 editum:
1393 469 1533 515 τοῦτο
1571 465 1623 514 ἐκ
1656 469 1742 528 τῆς

157 531 431 617 Εὐριπίδου
457 538 613 599 σοφῆς
638 537 993 599 Μελανίππης·
1021 536 1144 599 λέγει
1170 530 1263 599 γὰρ
1291 535 1342 583 ἐν
1368 529 1493 602 αὐτῇ
1521 539 1534 562 ‘
1552 537 1736 585 δικαιο-

156 604 308 671 σύνης
341 602 394 656 τὸ
427 603 629 670 χρύσεον
663 604 971 668 πρόσωπον’.
1022 625 1104 684 pro
1143 602 1196 653 τὸ
1220 602 1424 668 χρύσεον
1463 611 1577 655 alter
1603 611 1742 655 codex

157 682 383 726 Parisinus
421 680 555 727 2023
592 675 826 739 τηλαυγὲς
861 677 1073 738 χρυσοῦν
1108 680 1318 738 praebet,
1357 680 1432 725 ubi
1458 674 1691 738 τηλαυγὲς
1717 694 1741 724 e

159 751 330 795 Pindari
373 749 438 795 01.
481 750 538 806 6,
582 749 614 794 4
659 751 905 795 immixtum
949 763 1048 794 esse
1091 752 1343 809 suspicatus
1388 756 1457 795 est
1498 749 1740 794 Meinekius

155 821 305 865 Exere.
334 819 488 879 philol.
525 821 571 864 in
596 821 699 865 Ath.
727 820 760 864 11
800 835 844 879 p.
873 818 956 864 25.
1006 819 1122 864 idem
1156 819 1412 864 Aristotelis
1449 833 1535 879 ope
1567 819 1742 878 Euripi·

157 889 286 934 deum
313 890 461 934 locum
488 890 554 935 sic
579 889 710 934 iussit
735 889 936 934 restitui:

487 964 802 1027 δικαιοσύνας
827 964 878 1016 τὸ
904 963 1108 1030 χρύσεον
1133 965 1420 1029 πρόσωπον·

488 1033 604 1086 οὔθ’
637 1054 833 1100 εσπερος
859 1032 979 1086 οὔθ
1009 1036 1128 1105 ἒωος
1153 1033 1282 1086 ου’τω

494 1106 790 1172 θαυμαστός.

156 1196 412 1242 Aristotelis
439 1197 625 1256 vestigia
650 1196 762 1255 legit
787 1196 990 1241 Plotinus
1016 1195 1104 1242 vol.
1122 1196 1147 1241 1
1167 1211 1211 1256 p.
1228 1195 1283 1242 5:
1311 1188 1461 1241 καλὸν
1487 1188 1539 1242 τὸ
1564 1194 1648 1256 τῆς
1674 1193 1742 1242 δι-

156 1257 418 1324 καιοσύνης
461 1260 542 1308 καὶ
584 1258 898 1324 σωφροσύνης
941 1258 1205 1324 πρόσωπον
1246 1261 1330 1310 καὶ
1381 1257 1491 1311 οὔτε
1542 1261 1742 1324 ἕσπερος

156 1331 270 1380 οὔτε
305 1330 424 1398 ἑῷος
454 1329 583 1379 ου’τω
615 1327 755 1378 καλα.
805 1338 1014 1380 extremis
1047 1336 1194 1380 verbis
1228 1337 1372 1381 utitur
1407 1344 1563 1382 auctor·
1600 1339 1740 1382 Tima-

156 1407 293 1450 rionis
319 1405 484 1464 dialogi
510 1405 553 1449 in
581 1405 772 1450 Notices
798 1412 843 1450 et
868 1406 1096 1451 Extraits
1122 1405 1206 1451 vol.
1235 1405 1314 1463 IX,
1351 1406 1380 1450 2
1417 1421 1463 1486 p.
1493 1407 1615 1453 179:
1656 1402 1740 1451 καὶ

154 1465 272 1519 οὗθ’
303 1469 501 1532 εσπερος
526 1465 650 1518 οὕθχ
675 1469 794 1537 ἑῷος
828 1465 955 1520 ου’τω
989 1465 1271 1533 θαυμαστὸς
1311 1464 1374 1529 ὡς
1410 1468 1526 1534 ἡμῖν
1561 1472 1744 1530 εκεῑνος

155 1541 224 1607 τῷ
258 1536 369 1588 τότε
402 1539 809 1603 παρανατέταλκε.
860 1544 1004 1590 forma
1037 1538 1353 1600 δικαιοσύνας
1387 1545 1576 1591 debetur
1608 1548 1743 1592 Athe-

155 1627 267 1658 naeo
293 1613 364 1658 XII
389 1629 431 1673 p.
461 1613 561 1661 546
581 1615 634 1659 Β·
671 1613 755 1658 καί
777 1607 873 1659 πού
899 1630 971 1670 τις
997 1609 1078 1658 καὶ
1113 1608 1318 1673 ποιητὴς
1345 1610 1611 1675 ἐφθέγξατο
1640 1615 1653 1637 ²
1670 1612 1740 1660 δι-

158 1677 421 1736 καιοσύνας
454 1673 508 1727 τὸ
543 1676 749 1760 χρύσεον
784 1678 1073 1744 πρόσωπον’
1110 1680 1192 1728 καὶ
1218 1679 1367 1729 πάλιν
1396 1684 1546 1748 (Soph.
1572 1686 1629 1731 fr.
1661 1685 1743 1742 11)

157 1742 239 1797 *τὸ
266 1746 473 1813 χρύσεον
497 1744 628 1813 ὄμμα
652 1743 704 1798 τὸ
729 1769 813 1808 τας
843 1751 1045 1809 Δίκαςῆ

900 1889 1001 1940 491
1037 1869 1040 1872 ’

320 1974 522 2050 ὄμνυμι
553 1976 598 2034 δ’
635 1976 784 2050 ἱερὸν
815 1982 945 2035 αίθέ
920 1975 988 2049 0²9
996 2023 1010 2050 ,
1043 1987 1259 2050 οἴκησιν
1288 1976 1424 2044 Διός

259 2076 334 2120 Ar.
362 2076 467 2120 Ran-
496 2076 595 2123 100
621 2083 665 2121 et
692 2076 809 2134 311,
837 2091 953 2149 quos
978 2075 1105 2121 locos
1131 2076 1364 2121 attulimus
1391 2076 1447 2122 sr.
1470 2076 1552 2124 43
1592 2077 1742 2124 Schol.

154 2146 229 2188 Ar.
270 2144 374 2190 Rau
424 2145 543 2192 100:
589 2140 767 2203 αἰθέρα
812 2137 955 2208 Διός]
1001 2136 1275 2204 Εὐριπίδου
1317 2139 1370 2190 ἐκ
1414 2144 1745 2206 ΙἉελανίππης

155 2205 364 2272 εὄμνυμι
409 2208 456 2257 δ’
501 2239 569 2247 -
613 2208 759 2270 Διός,
850 2216 925 2262 uhi
970 2210 1022 2259 ἐκ
1060 2212 1392 2273 Μελανίππης
1432 2212 1745 2273 Σοφοκλέους

156 2283 342 2341 (omisso
379 2274 668 2344 Εὐριπίδου)
704 2277 1170 2343 εά.ΑΙ(1.,ει’ςτήν
1204 2282 1541 2343 Μελανίππην
1578 2286 1744 2344 Σοφο-

155 2350 274 2409 κλῆς
300 2353 436 2398 codex
461 2354 661 2414 Mediol.‚
698 2369 751 2399 εκ
776 2351 1110 2412 Μελανίππης
1136 2354 1290 2447 σοφῆς
1315 2356 1511 2416 Bergler.
1583 2356 1743 2401 Suidas

154 2438 193 2468 v.
221 2419 822 2484 παρακεκινδυνευμένως
859 2416 1183 2484 Ευριπίδης*
1200 2417 1380 2483 ὄμνυμι
1401 2391 1548 2469 δ’-
1578 2418 1743 2481 Διόςὲ

155 2494 298 2537 utitur
324 2493 409 2538 hoc
433 2507 563 2538 versu
589 2493 746 2539 leviter
769 2501 941 2539 mutato
971 2497 1045 2541 Ar.
1074 2495 1251 2540 Thesm.
1279 2494 1401 2540 272·
1437 2486 1618 2554 ὄμνυμι
1652 2492 1745 2538 τοί-

159 2576 248 2675 ιέὐν
272 2551 432 2675 αἰζέᾷ
462 2558 659 2620 οἴκησιν
684 2556 821 2619 Διός.
881 2564 956 2609 ubi
985 2563 1182 2610 Scholia:
1220 2557 1272 2608 ἐκ
1298 2562 1384 2623 τῆς
1411 2563 1743 2622 Μελανίππης

236 2645 340 2692 ριπι
372 2645 447 2677 ου.

906 2711 1010 2764 492

258 2798 460 2859 Hyginus
486 2800 611 2847 Poet.
638 2802 757 2846 Astr.
787 2800 843 2856 2,
885 2801 947 2848 18
984 2816 1026 2860 p.
1054 2801 1179 2848 463:
1216 2804 1473 2860 Euripides
1508 2808 1663 2848 autem
1695 2805 1745 2848 in

154 2866 438 2928 Menalippa
477 2871 671 2930 Hippea
710 2870 923 2917 Chironis
964 2870 1192 2919 Centauri
1219 2875 1370 2932 filiam
1399 2873 1565 2918 Thetin
1601 2878 1744 2918 antea

2057 2949 2077 3139 nm*
2062 2841 2077 2949 ·.-'·*z-„-·f
2066 2798 2070 2818 ⁶
2067 2753 2071 2774 ·›-
2069 2695 2073 2714 „-
2069 2667 2073 2676 -
