2077 3139
822 111 1070 154 KPHTssz
1641 109 1741 163 125

160 269 224 317 vy
255 249 581 315 γεγενημένην
593 274 608 308 ,·
644 254 767 300 chori
801 262 950 314 partes
985 255 1169 300 Curetes
1205 262 1370 314 agunt,
1410 242 1531 309 Διὸς
1560 243 1739 300 Ἰδαίου

160 317 348 385 μύσται.
399 326 544 372 Valck.
572 326 657 370 huc
682 324 819 369 refert
845 324 898 369 fr.
926 323 1044 372 904.
1339 352 1342 353 ⁷

899 458 1005 510 474

326 545 438 603 ἄλλ’
473 539 514 602 ὦ
545 549 754 618 Κρῆτες
770 544 915 618 Ἴδης
945 549 1107 602 τέκνα

262 645 335 689 Ar.
363 645 469 689 Ran.
500 643 660 690 1356:
686 633 785 687 ἀλλ’
816 642 854 689 ὦ
880 641 1081 701 Κρῆτες
1094 634 1229 701 Ἴδης
1254 637 1413 688 τέκνα.
1463 643 1537 688 ubi
1564 642 1737 689 Schola

159 727 270 768 τους
305 711 497 772 Κρῆτας
531 708 669 774 λέγει.
729 708 827 758 ἔστι
866 708 917 758 δὲ
951 708 1003 757 ἐκ
1042 711 1245 771 Κρητῶν
1280 701 1574 770 Εὐριπίδου.
1626 726 1738 772 quae

161 783 323 829 subicit
348 783 684 843 Aristophanes,
710 799 768 827 τα
793 775 904 840 τόξα
929 774 1158 844 λαβόντες
1184 775 1476 841 ἐπαμύνατε,
1504 783 1738 842 Euripidea

160 867 260 899 esse
286 867 375 898 non
400 853 549 898 credo.

902 959 1005 1011 475

328 1050 747 1119 Φοινικογενοῦς
791 1047 924 1120 [παῖ
958 1051 1051 1118 τῆς
1100 1046 1326 1120 Τυρίας]
1375 1048 1565 1103 τέκνον
1605 1043 1712 1103 Εύ·

1404 1129 1588 1203 &dnus

326 1216 416 1269 καὶ
446 1218 542 1270 τοῦ
573 1212 812 1285 μεγάλου
844 1213 1036 1285 Ζηνός,
1069 1211 1326 1271 ἀνάσσων

325 1295 541 1368 Κρήτης
573 1300 1125 1370 ἑκατομπτολιέθρου·

325 1377 438 1450 ἥκω
472 1383 698 1447 ζαθέους
728 1379 893 1445 ναούς
924 1379 1224 1451 προλιπών,

323 1460 418 1528 οὓς
450 1462 749 1534 αὐθιγενὴς
779 1474 1050 1536 τμηθεῖσα
1083 1463 1239 1530 δοκὸς
1547 1481 1573 1521 5

323 1546 619 1617 στεγανοὺς
649 1549 868 1619 παρέχει
898 1546 1134 1623 Χαλύβῳ
1165 1551 1381 1604 πελέκει

324 1632 414 1685 καὶ
443 1633 751 1706 ταυροδέτςο
783 1630 948 1703 κόλλῃ
981 1629 1228 1701 κραθεῑσ’

323 1712 565 1784 ἆτρεκεῖς
595 1714 796 1786 αρμούς
826 1722 1187 1784 κυπαρισ.σου

325 1793 495 1867 αγνόν
528 1798 585 1853 δὲ·
616 1805 738 1869 βίον
767 1804 1016 1870 τείνομεν
1049 1802 1100 1865 ἐξ
1132 1800 1197 1855 οὐ

325 1881 458 1945 Διὸς
484 1877 684 1938 Ἰδαίου
714 1881 918 1953 μύστης
948 1881 1206 1954 γενόμην,
1520 1899 1572 1940 10
1604 1890 1612 1899 ”

327 1966 416 2019 καὶ
446 1963 779 2022 νυκτιπόλου
810 1968 1062 2036 Ζαγρέως
1094 1965 1324 2038 βροντὰς

323 2046 416 2114 τοὶς
447 2046 487 2104 τ’
523 2046 847 2120 ὠμοφάγους
881 2054 1065 2114 δαῖτας
1094 2052 1312 2116 τελέσας

323 2139 490 2203 μητρί
513 2130 552 2187 τ’
585 2130 748 2208 ὀρείςο
781 2136 951 2207 δᾷδας
981 2130 1240 2205 ἀνασχών

324 2218 411 2270 καὶ
445 2214 745 2286 Κουρήτων

324 2297 521 2370 βάκχος
554 2298 794 2371 ἐκλήθην
822 2295 1095 2366 ὁσιωθείς.
1518 2315 1571 2358 15

324 2381 600 2438 πάλλευκα
633 2382 675 2438 δ’
711 2389 849 2455 ἔχων
880 2389 1067 2455 εἵματα
1098 2382 1286 2455 φεύγω

323 2468 540 2537 γένεσίν
569 2489 627 2521 τε
657 2471 869 2536 βροτῶν
899 2470 987 2522 καὶ
1017 2467 1362 2539 νεκροθήκης

324 2548 389 2606 ού
419 2547 810 2621 χριμπτόμενος
840 2549 939 2621 τήν
969 2549 1010 2606 τ’
1046 2549 1300 2623 ἐμψύχων

325 2638 531 2704 βρῶσιν
563 2636 798 2689 ἐδεστων
827 2634 1192 2706 πεφύλαγμαι.

261 2728 534 2790 Porphyrius
558 2731 610 2775 de
636 2731 748 2776 abst.
775 2730 832 2789 4,
873 2731 960 2777 19:
995 2729 1174 2790 ιιικροῦ
1209 2746 1265 2791 με
1299 2729 1526 2791 παρῆλθε
1562 2726 1643 2776 καὶ
1682 2720 1735 2776 τὸ

159 2784 479 2856 Εὐριπίδειον
504 2796 844 2861 παραθέσθαι.
874 2815 925 2854 ος
950 2814 1061 2855 τους
1087 2796 1138 2845 ἐν
1163 2793 1334 2865 Κρήτῃ
1358 2800 1446 2846 τοῦ
1473 2792 1592 2856 Διὸς
1610 2815 1733 2879 προ-

160 2861 315 2926 φήτας
339 2860 608 2929 ἀπέχεσθαι
633 2865 754 2929 φησὶ
780 2859 860 2914 δια
885 2862 1092 2915 τούτων·
1129 2866 1318 2929 λέγουσι
1347 2863 1393 2914 δ’
1430 2885 1475 2915 οι
1501 2887 1625 2916 κατα
1649 2861 1735 2915 τὸν
