2077 3139
263 159 393 194 xvm
802 135 1292 177 SVPPLEMENTVM

365 277 739 340 Μελέαγρος.
778 279 865 323 huc
887 278 1180 323 revocandum
1205 291 1304 322 esse
1333 277 1388 322 fr.
1405 278 1502 324 968
1530 278 1658 324 docet
1673 294 1835 339 ραι-οε

262 356 379 399 miorv
355 353 548 411 1,ruphus
583 350 738 394 Milleri
778 348 1024 407 Me'lanyes
1048 349 1104 392 de
1129 349 1216 391 2211.
1245 347 1323 392 Gr.
1353 363 1395 406 p.
1424 348 1547 394 369.
1582 337 1836 410 ὁπισαμβώ

266 448 324 455 -
353 417 591 480 μέμνηται
618 416 704 463 τοῦ
730 410 960 475 ὀνόματος
989 415 1249 473 Σοφοκλης
1275 408 1328 460 ἐν
1354 410 1637 480 Ῑῑᾶελεοὲγρῳ.

367 497 604 556 Οἰνεύς.
656 503 770 546 tueri
805 501 980 544 videtur
1014 500 1131 544 hunc
1170 499 1348 544 titulum
1375 500 1543 545 Phiiod.
1572 502 1624 546 de
1659 503 1763 560 piet.
1788 515 1834 561 p.

262 574 325 619 22
372 574 439 618 ed.
480 572 659 630 Gomp.,
704 584 833 630 quem
879 570 1021 614 locum
1067 583 1199 627 supra
1245 569 1298 613 de
1339 571 1555 628 Aegistho
1598 570 1836 630 Sophoclis

262 645 538 702 disputantes
561 641 802 685 attulimus.
840 640 1034 684 sortasse
1061 640 1199 697 igitur
1223 639 1274 683 ad
1305 634 1449 683 Οἰνέα
1475 640 1705 684 reserenda
1731 647 1837 685 sunt

260 713 314 757 fr
345 712 442 758 298
469 719 515 756 et
546 712 599 755 sr.
629 710 742 756 300.

361 775 604 838 Πηλέως
646 779 701 823 sr.
737 778 837 824 454
880 778 1113 823 delendum
1159 790 1260 823 esse
1302 784 1420 823 recte
1466 778 1628 823 iudicat
1668 779 1834 823 Contus

259 852 383 911 Λογ.
408 841 540 908 Ερμ.
571 851 595 894 1
624 864 667 908 p.
697 848 810 893 142.

369 914 712 976 Πολυξένης
739 918 793 962 sr.
821 917 948 973 477,
979 919 1003 961 1
1044 898 1156 960 αὖτε
1183 930 1263 976 pro
1291 907 1417 960 αυθι
1453 917 1733 962 scribendum
1758 931 1834 962 su-

260 993 426 1049 spicor,
453 990 510 1035 cs.
538 988 707 1045 Eurip.
739 988 869 1033 Stud.
898 987 1002 1045 11p.
1031 987 1076 1032 9.

365 1054 599 1117 Τηρέως
633 1058 687 1102 fr.
715 1057 839 1113 523,
877 1056 905 1100 2
942 1049 999 1099 τὰ
1025 1057 1092 1098 θι
1082 1071 1186 1113 ητα
1209 1043 1467 1115 θνητους’
1449 1050 1592 1110 ὄντας
1618 1057 1832 1116 proposui

259 1128 300 1172 in
327 1130 493 1174 Jahrb.
517 1129 558 1187 f.
583 1127 752 1173 Plzzffllol
782 1092 912 1173 1862
939 1141 985 1186 p.
1018 1125 1130 1171 186.

362 1198 577 1255 sr.533,
609 1199 635 1242 1
662 1190 762 1259 ζῴη
785 1212 856 1250 τις
882 1196 1221 1241 restituendum.

363 1262 802 1327 Τριπτολεμοςε
849 1266 905 1311 cs.
943 1265 1112 1310 Philod.
1158 1265 1211 1309 de
1247 1266 1354 1324 piet.
1393 1279 1435 1324 p.
1464 1263 1527 1311 23
1564 1265 1630 1310 ed.
1659 1264 1833 1325 Gomp,

257 1351 387 1396 quem
414 1338 560 1382 locum
585 1337 637 1381 ad
653 1329 842 1394 ’Ῑναχον
868 1335 1113 1380 attulimus.

362 1405 616 1467 Φρυγῶν
659 1407 712 1450 sr.
751 1404 877 1462 652,
914 1405 943 1450 3
987 1397 1121 1457 ἐκτός
1163 1414 1253 1447 εισι
1294 1395 1526 1461 πημάτων
1569 1403 1833 1464 Sophoclem

257 1478 491 1536 scripsisse
517 1477 724 1521 arbitror.

357 1546 463 1591 Inc.
502 1546 605 1590 sab.
642 1546 695 1589 sr.
727 1544 825 1591 668
860 1546 923 1589 sic
949 1544 1227 1602 scripserim.
1263 1540 1358 1596 πᾶς
1387 1537 1437 1586 δὲ
1462 1543 1730 1601 προσκυνεῖ
1748 1532 1834 1586 τὸν

258 1609 550 1672 ἐκτρέφοντα
575 1609 761 1667 πάντας
786 1605 926 1670 ἡλίου
951 1605 1146 1656 κύκλον.

358 1685 412 1730 fr.
442 1686 536 1732 671
566 1685 698 1730 verba
723 1675 936 1736 ἀείζων
920 1678 1056 1736 ε’λκος
1090 1682 1186 1726 vide
1213 1696 1265 1726 an
1289 1681 1340 1725 ad
1368 1682 1526 1727 Aesch.
1553 1681 1705 1741 Suppl.
1734 1681 1830 1728 988

256 1755 481 1800 reserenda
510 1755 617 1813 sint,
643 1754 719 1799 ubi
746 1753 980 1798 scribitur:
1006 1745 1141 1816 χώρᾳ
1167 1739 1210 1794 δ
1240 1741 1431 1810 ἄχθος
1457 1742 1626 1806 ἀείζων
1651 1747 1797 1795 πέλοι.

359 1839 413 1882 sr.
445 1839 541 1884 716
580 1837 885 1894 abiciendum,
918 1836 1015 1880 vide
1051 1849 1162 1895 quae
1198 1835 1285 1879 dixi
1322 1836 1365 1879 in
1400 1834 1498 1879 Lex.
1538 1835 1663 1880 vind.
1694 1833 1767 1895 Φ,
1804 1833 1833 1879 2

256 1923 298 1968 p
341 1908 537 2022 1&6722
567 1975 922 2022 Μολοσσικαῑσι
956 1968 1116 2033 χερσὶν
1142 1967 1363 2017 ἐντείνων
1396 1968 1543 2029 πέδας
1568 1973 1741 2030 maliin,
1775 1974 1834 2020 cf.

257 2047 451 2106 Append.
480 2047 578 2091 Lex.
607 2046 728 2091 Vind.
758 2061 800 2105 p.
831 2045 945 2091 260.

362 2117 414 2160 fr.
441 2116 538 2162 822
577 2110 707 2160 λύσω
741 2129 829 2159 non
864 2114 1071 2159 debuisse
1106 2113 1150 2156 in
1186 2113 1480 2171 suspitionem
1514 2114 1658 2156 vocari
1684 2112 1834 2158 docuit

257 2186 336 2230 '.sh
363 2185 649 2244 Gomperzius
675 2185 809 2231 allato
843 2183 1006 2228 Zenob.
1035 2183 1111 2239 Vl,
1150 2182 1211 2226 11
1248 2189 1292 2226 et
1319 2181 1471 2226 Milleri
1510 2182 1754 2241 Me'lanyes
1777 2184 1835 2228 de

255 2258 340 2300 leit.
370 2256 449 2300 Gr.
478 2270 521 2314 p.
551 2255 646 2301 355
675 2269 740 2327 sq.

363 2324 415 2368 sr.
456 2323 580 2381 824,
618 2324 646 2368 2
689 2314 741 2367 τὸ
774 2323 1021 2382 πημαῑνον
1063 2313 1213 2379 φύσιν
1256 2321 1473 2379 pioposui
1515 2321 1557 2363 in
1591 2319 1833 2379 Me'lanyes

260 2394 432 2439 Gra-co
438 2394 568 2438 Rom.
598 2393 630 2437 11
656 2408 698 2468 p.
729 2392 842 2438 712.

361 2463 414 2507 sr.
442 2463 540 2508 854
575 2461 764 2520 γιώμαι
800 2456 944 2506 πλέον
978 2456 1243 2505 σθένουσιν
1268 2448 1298 2518 ἢ
1332 2471 1510 2516 κρατος
1542 2471 1696 2517 χερων
1720 2471 1826 2517 poe-

259 2539 393 2577 tam<
374 2533 605 2590 scripsisse
633 2533 854 2591 suspicor.

362 2602 416 2646 fr.
446 2600 547 2646 920
577 2602 626 2645 ad
655 2601 760 2646 Oed.
788 2601 831 2645 C.
862 2601 959 2646 966
988 2598 1278 2660 probabiliter
1303 2596 1477 2643 rettulit
1505 2595 1761 2641 Meinekius.

362 2672 417 2716 fr.
455 2670 552 2716 963
583 2670 816 2714 delendum
851 2684 950 2715 esse
986 2671 1210 2729 perspexit
1242 2667 1385 2712 Naber
1422 2668 1466 2710 in
1500 2665 1626 2710 Phot.
1662 2665 1762 2709 Lex.
1802 2665 1826 2708 1

259 2754 300 2800 p.
339 2741 455 2786 423.

365 2810 415 2853 sr.
467 2809 565 2855 986
616 2810 758 2854 errori
809 2809 1017 2865 debetur,
1068 2809 1108 2852 id
1162 2807 1280 2867 quod
1323 2805 1427 2850 vidit
1468 2803 1520 2848 M.
1564 2802 1831 2849 Schmidtius

263 2878 490 2924 Zeitsclzr.
514 2879 556 2937 f.
583 2881 627 2924 d.
656 2881 772 2924 Alte
789 2879 924 2923 Wiss.
958 2878 1087 2924 1856
1117 2892 1160 2937 p.
1189 2876 1301 2922 534.
