2077 3139
239 168 327 201 ,nv
856 150 1199 191 PRAEFATIO

345 294 421 338 Dio
447 293 598 353 Chrys.
628 291 718 350 32,
750 292 831 338 94.
884 293 940 338 es.
968 291 1181 336 Philostr.
1217 291 1352 352 Imag.
1379 291 1435 349 2,
1463 291 1543 338 23.
1606 287 1755 354 [Herc.
1780 291 1815 337 F

240 359 558 426 947—949.]
1001 430 1078 478 VI
1306 394 1310 397 ,

446 511 574 577 γέμω
598 519 768 562 κακῶν
797 509 870 573 δή,
900 505 1091 560 κούκέτ’
1126 506 1234 560 ἔσθ’
1265 507 1378 560 ὅποι
1403 513 1539 578 τεθῇ.

344 600 577 660 Longinus
614 600 668 645 de
705 598 820 644 subl.
860 613 895 644 c.
933 599 1026 656 40,
1071 599 1103 646 3
1165 600 1277 644 Plut.
1315 599 1424 646 Mor.
1464 614 1509 659 p.
1553 598 1684 646 1048
1713 598 1743 643 F
1783 612 1830 658 p.

242 669 375 718 1063
401 670 446 715 D.
501 665 653 731 [llere.
680 669 727 713 F.
756 663 930 730 1245]

984 779 1087 826 VII

448 855 531 919 τὰς
557 876 810 924 συμφορας
834 880 933 941 γαο
955 855 1084 918 ὅστις
1111 854 1202 908 οὖν.
1231 858 1476 908 ἐπίσταται

448 926 633 992 θνητὸς
658 949 895 992 πεφυνως
922 924 980 979 ὃν
1005 928 1189 994 τρόπον
1215 949 1368 994 χρεων
1393 930 1579 994 φέρειν,

450 997 557 1050 οὐδ’
586 995 763 1064 ἀνδρὸς
788 996 851 1048 αν
879 996 1079 1050 δύναιθ’
1111 995 1385 1066 ὑποστῆναι
1413 1000 1567 1063 βέλος.

343 1088 759 1159 Stoh.Flor.108,
788 1089 865 1134 1‘2.
905 1084 1058 1164 [Herc.
1087 1088 1133 1132 F.
1166 1088 1406 1162 1349sq.:
1434 1089 1537 1145 ταῖς
1562 1088 1835 1166 συμφοραῖς

239 1152 332 1219 γὰρ
359 1151 487 1214 όστις
523 1147 609 1219 οὐχ
634 1149 913 1218 ὑφίσταται,
943 1147 1047 1203 ovd
1078 1148 1259 1219 ανὸοός
1293 1173 1354 1202 αν
1383 1147 1590 1202 δύναιθ’
1619 1151 1835 1216 ὑποστῆ-

241 1245 322 1274 ναι
347 1224 528 1293 βέλος]
965 1298 1099 1345 VIII

449 1372 503 1429 τὸ
527 1378 615 1442 μὲν
640 1393 888 1443 σφαγηναι
919 1373 1093 1441 δεινόν,
1123 1373 1349 1428 εὔκλειαν
1376 1371 1420 1426 δ’
1452 1377 1574 1442 ἔχει·

448 1442 501 1498 τὸ
527 1469 592 1513 μη
621 1454 796 1498 θανεῖν
826 1449 876 1498 δὲ
903 1445 1081 1509 ὄειλον,
1111 1444 1265 1513 ἡδονη
1294 1445 1337 1497 δ’
1371 1448 1460 1497 ἓ’.νι

345 1536 470 1583 Stob.
498 1536 618 1583 Flor.
648 1537 704 1597 7,
733 1537 764 1584 9
801 1545 846 1582 et
869 1536 985 1582 Plut
1018 1538 1125 1582 Mor.
1153 1553 1195 1598 p.
1224 1536 1324 1583 447
1352 1537 1401 1585 Ε.
1447 1532 1575 1599 [Eur.
1605 1537 1661 1582 fr.
1692 1531 1835 1598 849]

1003 1662 1084 1710 IX

452 1745 642 1806 φαῦλον
668 1738 917 1806 ἄκομψον,
945 1737 1002 1792 tc}
1029 1738 1207 1808 μέγιστ’
1239 1738 1437 1809 ἆγαθόν

346 1832 508 1878 Anecd.
538 1831 712 1877 Bachm.
740 1831 826 1877 vol.
860 1833 884 1876 1
911 1847 953 1892 p.
982 1831 1113 1890 412,
1143 1832 1187 1877 7.
1241 1827 1365 1894 [Eur.
1396 1832 1446 1876 sr.
1473 1830 1595 1890 476,
1624 1825 1696 1894 1.]

347 1931 468 1975 Hanc
492 1930 586 1974 sere
614 1930 770 1974 faciem
799 1929 1089 1974 ostenderent
1107 1929 1328 1988 Electrae,
1356 1929 1703 1979 Heraclidarum.
1731 1929 1837 1974 Her-

242 2001 357 2046 culis
383 2000 625 2059 reliquiae,
664 1999 701 2044 si
727 2013 817 2044 non
843 1999 1002 2044 melior
1029 2000 1096 2043 his
1125 2013 1256 2058 quam
1282 1999 1510 2058 plerisque
1538 1999 1637 2043 aliis
1663 1998 1836 2057 Euripi-

244 2072 312 2114 dis
340 2070 582 2128 tragoediis
617 2083 714 2114 sors
751 2068 1003 2129 obtigisset.
1056 2069 1323 2114 exclusimus
1351 2070 1491 2124 enim,
1529 2076 1579 2113 ut
1611 2082 1692 2128 par
1726 2074 1838 2125 erat,

244 2154 322 2184 eos
349 2140 504 2184 harum
540 2138 874 2197 tragoediarum
901 2152 1080 2195 versus,
1119 2142 1194 2198 qui
1222 2138 1289 2182 vel
1318 2141 1412 2183 sine
1446 2137 1622 2183 fabulae
1658 2139 1840 2183 nomine

244 2209 313 2255 vel
340 2223 390 2254 ex
418 2207 500 2254 alia
537 2223 586 2254 ac
619 2208 715 2253 fieri
742 2207 930 2254 debebat
964 2208 1111 2254 sabula
1149 2208 1411 2253 afferuntur.
1464 2206 1669 2267 singulos
1694 2207 1839 2264 locos,

245 2286 465 2338 quatenus
492 2278 635 2336 licuit,
662 2292 715 2323 eo
742 2279 900 2324 ordine
926 2279 1229 2338 disposuimus
1256 2291 1385 2338 quem
1413 2280 1682 2338 superstites
1708 2277 1839 2322 nobis

243 2348 419 2394 fabulae
454 2348 775 2394 monstrabant.
826 2347 966 2393 nihilo
994 2350 1140 2393 minus
1176 2348 1431 2393 dubitamus
1467 2362 1571 2392 num
1609 2347 1710 2407 quis
1745 2359 1839 2392 eam

245 2418 327 2463 sibi
353 2418 572 2463 divinandi
609 2425 749 2463 artem
775 2426 1068 2478 arrogaturus
1096 2419 1154 2463 sit
1180 2426 1229 2462 ut
1263 2419 1372 2463 haec
1399 2431 1513 2477 quae
1548 2418 1839 2478 apposuimus

242 2487 434 2533 frustula
469 2487 523 2533 ad
559 2495 820 2548 argumenta
856 2490 989 2533 trium
1025 2487 1276 2533 fabularum
1311 2487 1594 2533 instauranda
1633 2485 1840 2532 sufficere

243 2557 509 2615 contendat,
545 2558 808 2617 praesertim
833 2571 932 2603 cum
960 2558 1003 2602 in
1043 2559 1177 2603 unius
1203 2559 1422 2617 cuiusque
1449 2556 1623 2602 fabulae
1649 2568 1840 2601 comme·

242 2627 569 2672 morationibus
615 2641 792 2673 errores
838 2627 1015 2686 quidam
1050 2628 1231 2672 admissi
1272 2632 1361 2673 sint
1404 2628 1511 2672 satis
1551 2625 1616 2670 illi
1662 2625 1840 2685 quidem

242 2697 446 2754 vulgares
482 2711 535 2743 eo
571 2698 617 2742 in
651 2710 817 2756 genere
852 2711 904 2741 ac
939 2699 1118 2741 minime
1154 2699 1265 2742 rari:
1306 2695 1461 2756 quales
1497 2708 1673 2740 errores
1710 2702 1760 2740 ut
1794 2695 1840 2738 in

242 2767 562 2826 superstitibus
597 2766 760 2812 fabulis
786 2768 881 2811 sine
914 2767 1006 2811 ulla
1033 2766 1295 2812 difficultate
1323 2765 1745 2826 deprehenduntur,
1780 2765 1838 2808 ita

243 2836 317 2881 ubi
356 2836 409 2880 de
446 2837 722 2896 perditarum
768 2835 1018 2881 fabularum
1054 2837 1259 2896 reliquiis
1299 2838 1531 2896 quaeritur
1574 2835 1841 2895 plerumque

241 2920 325 2951 nos
351 2905 528 2963 fallunt,
558 2920 645 2966 quo
673 2905 723 2952 fit
749 2913 799 2951 ut
825 2906 878 2951 de
904 2914 1162 2967 ereptorum
1190 2905 1321 2952 nobis
1347 2912 1605 2966 poematum
1633 2902 1841 2949 frustulis
