2077 3139
327 120 429 174 186
1011 119 1265 162 ΣΤΛΕΤΣ

327 266 410 311 λον
436 254 471 324 ἢ
495 256 668 340 κύριον
692 261 781 309 τοῦ
808 257 1043 309 δεσπότου
1078 254 1416 322 αποφαντέον,
1443 251 1509 322 μὴ
1536 256 1687 324 μόνον
1714 252 1917 309 ἆπελευ-

325 329 574 394 θεριάζειν
609 324 731 379 ἄλλα
767 329 851 379 καὶ
887 326 1185 412 ἐπιτάγματα
1230 325 1504 380 ἐπιτασσειν
1540 332 1609 398 τῷ
1636 330 1917 396 κτησαμένῳ

324 404 591 463 τολμῶντι,
628 392 691 460 ὧς
717 400 799 449 καὶ
828 401 871 449 εἰ
894 392 1161 463 αφηνιάζοι
1187 398 1386 449 τύπτειν
1411 399 1494 449 καὶ
1508 403 1917 482 προπηλακίζειν,

325 473 371 522 εἰ
395 449 445 522 δὲ
471 492 552 520 και
579 466 799 536 βοηθους
826 467 1069 535 ἐπάγοιτο,
1097 464 1282 529 πάντας
1308 466 1464 538 α’ρδην
1494 464 1792 528 ἆπολλύναι;
1816 489 1916 520 ver-

327 562 403 592 sus
430 561 564 606 supra
591 548 784 606 scriptos
814 547 909 590 sine
935 552 1095 605 poetae
1133 552 1177 590 et
1212 545 1388 590 rabulae
1423 548 1602 591 nomine
1639 545 1766 590 affert
1790 544 1918 590 Philo

327 617 418 662 lud.
446 617 530 662 vol.
566 618 592 661 1
619 632 663 676 p.
696 615 793 662 127
832 615 917 661 vol.
948 615 975 659 2
1004 630 1046 675 p.
1077 615 1139 662 53
1169 623 1213 660 et
1238 631 1281 675 p.
1308 615 1428 673 449,
1455 616 1562 660 item
1590 614 1748 660 Euseb.
1774 614 1848 659 Pr.
1869 613 1920 663 E.

326 701 370 749 p.
401 686 498 732 242
528 686 571 732 C.
625 702 687 732 vs.
719 687 743 731 1
774 686 905 731 habet
933 686 1243 731 Artemidorus
1269 684 1320 744 4,
1348 685 1429 735 59.

493 894 688 970 ἥκιστα
720 901 948 968 φαῦλος,
981 893 1119 951 ἀλλὰ
1150 899 1260 953 πᾶν
1289 892 1640 953 τούναντίον·

496 980 781 1054 πρόσχημα
813 978 1008 1052 σεμνὸς
1040 976 1140 1036 κού
1174 981 1426 1047 ταπεινὸς
1456 977 1578 1036 οὐδ’
1612 979 1754 1052 ἄγαν

498 1067 722 1138 εὔογκος
755 1060 825 1131 ὥς
857 1062 927 1121 ἂν
959 1068 1173 1134 δοῦλος,
1206 1061 1343 1120 ἀλλὰ
1373 1067 1463 1120 καὶ
1494 1065 1692 1137 στολὴν

499 1149 676 1206 ἰδόντι
706 1147 954 1222 λαμπρὸς
987 1150 1076 1204 καὶ
1109 1147 1253 1224 ξύλῳ
1287 1147 1627 1220 δραστήριος.

433 1248 560 1294 Philo
586 1248 679 1294 Iud.
708 1248 793 1293 vol.
825 1247 853 1292 2
894 1262 937 1306 p.
964 1246 1062 1293 461
1091 1247 1204 1306 (vIde
1230 1247 1286 1292 fr.
1317 1246 1452 1306 688),
1481 1249 1557 1305 qui
1583 1247 1790 1292 Mercurii
1816 1247 1924 1293 haec

329 1319 459 1364 verba
496 1332 594 1363 esse
629 1319 760 1364 docet
795 1318 848 1363 de
884 1317 1072 1362 Hercule
1108 1317 1239 1363 dicta.
1291 1332 1356 1363 vs,
1385 1316 1413 1361 2
1450 1309 1504 1362 τὸ
1531 1315 1692 1377 σχῆμα
1718 1317 1924 1363 Herwer-

329 1389 483 1434 denus.

498 1539 680 1608 οὐδεὶς
713 1539 765 1598 δ’
802 1545 854 1608 ἐς
886 1550 1069 1607 οἷ’κους
1104 1540 1367 1608 δεσπότας
1399 1540 1691 1614 ἀμείνονας

498 1623 671 1683 αὑτοῦ
700 1633 968 1697 πρίασθαι
998 1625 1275 1697 βούλεται·
1308 1628 1368 1683 σὲ
1401 1625 1450 1683 δ’
1490 1632 1720 1697 εἰσορῶν

499 1714 603 1776 πᾶς
633 1735 711 1778 τις
745 1713 1021 1767 δέδοικεν·
1055 1709 1203 1782 ὄμμα
1233 1710 1336 1784 γὰρ
1369 1708 1541 1784 πυρὸς
1570 1712 1772 1782 νέμεις,

499 1798 700 1865 ταῦρος
731 1797 947 1860 λέοντος
981 1790 1052 1860 ὦς
1083 1798 1305 1866 βλέπων
1335 1794 1470 1867 πρὸς
1502 1792 1754 1867 ἐμβολήν.

436 1891 563 1938 Philo
600 1893 692 1938 Iud.
731 1894 819 1938 vol.
850 1893 878 1938 2
907 1908 949 1953 p.
977 1893 1075 1938 461
1115 1891 1230 1951 (vide
1258 1893 1310 1937 sr.
1341 1888 1484 1952 688),
1513 1894 1589 1952 qui
1617 1907 1717 1937 cum
1744 1891 1798 1937 sr.
1827 1890 1925 1938 689

331 1962 493 2023 iungit.
546 1962 665 2023 sylei
700 1965 852 2023 potius
890 1963 1023 2008 verba
1049 1971 1168 2008 sunt.
1219 1978 1284 2009 vs.
1316 1966 1342 2009 1
1372 1955 1605 2021 δεσπότης
1631 1963 1926 2022 Musgravius.

1086 2085 1185 2137 691

1004 2177 1104 2231 σοῦ
1134 2177 1416 2246 κατηγορῶ

501 2262 764 2330 σιγωντος
797 2257 867 2323 ὡς
899 2267 1012 2330 εἰής
1043 2254 1110 2314 ἂν
1141 2257 1242 2331 οὐχ
1271 2258 1531 2330 ὑπήκοος,

501 2344 723 2400 τάσσειν
756 2344 815 2398 δὲ
845 2345 1052 2413 μᾶλλον
1080 2338 1116 2415 ἢ
1149 2342 1540 2399 ἐπιτάσσεσθαι
1570 2343 1770 2408 θέλοις.

440 2439 566 2486 Philo
593 2441 683 2486 Iud.
714 2441 800 2486 vol.
830 2440 857 2484 2
895 2456 938 2500 p.
966 2440 1067 2487 461
1096 2441 1210 2499 (vide
1237 2442 1290 2487 fr.
1321 2440 1453 2498 688).

1085 2547 1187 2600 692

502 2643 722 2708 κλίθητι
754 2639 843 2692 καὶ
875 2643 1112 2709 πίωμεν·
1149 2640 1207 2693 ἐν
1235 2635 1409 2713 τούτῳ
1444 2638 1509 2692 δέ
1533 2659 1640 2708 μου

502 2718 604 2792 τὴν
635 2734 832 2794 πεῖραν
864 2718 1036 2786 εὐθὺς
1066 2719 1294 2793 λάμβαν’
1334 2727 1382 2777 εἰ
1411 2726 1683 2792 κρείσσων
1715 2725 1843 2775 ἔσει.

439 2817 565 2863 Philo
609 2818 703 2864 lud.
755 2818 836 2864 vol.
867 2817 895 2862 2
932 2833 974 2879 p.
1003 2819 1101 2865 461
1142 2818 1255 2877 (vide
1289 2818 1344 2863 fr.
1384 2816 1514 2876 688).
1565 2831 1630 2862 vs.
1659 2817 1685 2862 1
1726 2813 1931 2876 κλίνηθι

336 2886 680 2935 HerwerdenuS.
