2077 3139
689 123 877 164 DVBIA
897 124 974 164 ET
995 123 1208 165 SPVRIA
1530 147 1534 151 ·
1641 121 1744 174 307

162 276 466 318 ΑΚΡῙΣῙΟΣ
497 275 557 310 συ
586 251 628 308 6
659 260 702 308 εἰ
725 280 814 309 κατ
845 261 1028 326 οἴκους
1055 257 1238 309 εὐνοῶν
1265 258 1536 326 ἐτύγχανες,

490 326 580 380 οὐκ
605 328 668 380 ἄν
695 325 803 379 ποτ’
834 327 984 393 ηλθες
1008 331 1076 389 εἰς
1102 325 1209 379 τόδε
1234 328 1494 395 θράσους.
1693 347 1747 387 65

300 432 463 477 Versus
516 435 629 478 istos
675 434 865 478 servavit
913 432 1052 478 codex
1092 432 1320 477 Palatinus
1368 433 1465 479 287
1519 431 1746 476 subiectos

157 502 415 562 Iphigeniae
449 502 706 559 Aulhlensi,
744 504 870 547 cuius
913 501 1111 547 clausula
1148 502 1345 546 eiusdem
1371 501 1464 546 fere
1503 509 1572 547 est
1597 503 1745 561 pretii.

156 572 347 631 primum
383 572 519 616 edidit
552 586 590 616 a.
623 571 753 617 1597
793 572 841 616 Η.
870 571 1184 616 Commelinus.
1236 572 1346 631 ipsis
1385 571 1585 616 versibus
1621 585 1747 631 prae-

157 643 351 686 mittitur
393 648 708 702 argumentum
746 648 791 686 et
823 655 1120 701 personarum
1157 641 1309 698 index,
1348 655 1462 700 quae
1497 641 1537 684 h.
1577 640 1604 684 l.
1645 639 1747 685 sub-

157 725 311 768 lungo.

257 771 529 836 Υπόθεσις.
569 770 823 854 Ἀκρίσιος
856 769 1065 840 ’Ἄργους
1117 795 1184 825 ων
1216 771 1442 839 βασιλεὺς
1476 770 1599 823 κατὰ
1634 793 1747 838 χρη-

158 841 278 908 σμὸν
305 845 364 908 δή
394 866 501 895 τινα
527 839 614 909 τὴν
641 845 791 893 παῖδα
820 844 1027 907 Δαναην
1054 840 1396 894 κατάκλειστον
1423 844 1473 893 ἐν
1500 850 1600 902 τοῖς
1625 863 1746 925 παρ-

155 919 369 965 θενῶσιν
403 912 636 978 ἐφύλαττε
671 915 932 978 καλλίστην
965 919 1147 964 οὐσαν·
1198 910 1258 980 ἧς
1299 914 1524 977 ἐρασθεὶς
1560 933 1584 962 ο
1621 911 1745 972 Ζεύς

157 984 259 1034 ἐπεὶ
295 1003 387 1034 ουκ
423 992 548 1050 εἰχεν
585 981 713 1044 ὅπως
739 986 938 1048 μιχθείη
973 983 1124 1063 αὐτῇ,
1160 978 1337 1049 χρυσὸς
1371 979 1543 1050 γειόμε
1523 1000 1630 1070 ενος
1665 982 1747 1031 καὶ

158 1054 289 1120 ῥυεὶς
317 1050 397 1104 διὰ
434 1061 520 1105 τοῦ
545 1055 740 1120 στέγους
768 1056 834 1113 εἰς
868 1049 953 1103 τὸν
979 1051 1163 1103 κόλπον
1189 1057 1271 1119 τῆς
1296 1055 1578 1134 παρθένου,
1606 1050 1747 1118 ἐγκυ-

157 1145 303 1208 μονα
316 1124 556 1189 ἐποίησεν.
607 1123 859 1187 ἐξήκοντος
898 1123 948 1174 δὲ
974 1127 1059 1173 τοῦ
1096 1121 1272 1191 χρόνου
1300 1127 1480 1205 βρέφος
1505 1118 1590 1172 τὸν
1618 1127 1747 1184 Περ-

158 1213 204 1244 σε
199 1197 241 1243 ἀ
275 1193 493 1246 απέτεκε.
544 1198 685 1244 τοῦτο
721 1188 900 1257 μαθων
932 1193 1171 1258 Ἀκρίσιος
1207 1195 1272 1253 εἰς
1298 1189 1510 1259 νιβωτὸν
1535 1191 1747 1257 οἷμφοτέ-

159 1284 301 1330 ρους,
347 1262 438 1328 τήν
471 1285 519 1315 τε
555 1266 733 1330 μητέρα
777 1264 859 1313 καὶ
894 1261 946 1313 τὸ
982 1264 1187 1330 βρέφος,
1225 1263 1419 1328 ἐνέβαλε
1455 1264 1538 1313 καὶ
1564 1261 1748 1313 κελεύει

162 1336 348 1420 ῥίπτειν
375 1356 495 1385 κατα
522 1355 607 1398 της
631 1333 897 1397 θαλάσσης.
947 1334 1138 1383 ἰδοῦσαι
1167 1334 1218 1384 δὲ
1243 1333 1393 1384 ταῦθ’
1423 1336 1479 1383 αἱ
1502 1335 1749 1398 Νηρηίδες

159 1426 240 1454 και
285 1405 632 1485 κατελεησασαι
676 1404 727 1454 τὸ
772 1399 982 1484 γεγονὸς
1012 1403 1303 1469 ἐμβάλλουσι
1346 1400 1434 1469 τὴν
1479 1399 1585 1466 (τὸν
1630 1406 1745 1468 cod.)

159 1469 371 1540 κιβωτὸν
392 1477 457 1536 εἰς
485 1477 659 1525 δίκτυα
677 1476 930 1537 Σεριφίων
956 1467 1143 1534 ἁλιέων,
1166 1472 1444 1524 κάντεῦθεν
1468 1469 1746 1537 περιεσώθη

158 1541 189 1608 ἡ
214 1565 263 1595 τε
297 1542 451 1614 μήτηρ
486 1546 570 1595 καὶ
605 1541 657 1595 τὸ
683 1545 891 1610 βρέφος,
924 1542 1045 1611 ὅπερ
1078 1542 1337 1609 οἷνὸρωθὲν
1376 1540 1592 1609 Περσεὺς
1628 1540 1747 1593 ὦνο-

156 1610 342 1680 μάσθη.

268 1682 340 1734 Τὰ
375 1689 461 1735 τοῦ
484 1685 739 1767 ὁράματος
773 1682 1020 1748 πρόσωπα.
1067 1678 1256 1749 Ερμῆς.
1312 1681 1503 1749 Δανάη.
1554 1680 1747 1747 τροφός.

155 1755 412 1819 Ἀκρίσιος.
463 1751 674 1822 α’γγελος.
727 1753 883 1842 χορός.1
928 1753 1137 1819 Ἀθηνᾶ.

266 1831 338 1876 Vs.
362 1830 395 1876 4
421 1827 576 1891 εἴληχε
585 1827 632 1893 ν]
662 1823 816 1888 εἴληχ’
847 1820 914 1873 ω’ν
940 1831 1229 1889 Musgraxius.
1271 1845 1334 1875 vs.
1360 1830 1389 1876 9
1411 1821 1590 1891 τυχών]
1620 1821 1748 1887 τύχω

158 1901 361 1947 Bothius.
430 1915 495 1946 vs.
534 1902 593 1947 17
635 1900 691 1946 cs.
739 1901 892 1945 Aesch.
917 1900 1077 1945 Prom.
1117 1900 1238 1946 669:
1280 1896 1486 1980 τοιοῖσδε
1525 1894 1748 1952 πεισθεὶς

163 1968 344 2026 Λοξίου
369 1963 714 2031 μαντεύμασιν.
771 1985 834 2014 ν3.
864 1969 926 2016 18
954 1963 1085 2028 ὅμως
1113 1964 1164 2014 δέ
1187 1983 1240 2030 γε
1265 1971 1382 2028 cod.‚
1412 1985 1433 2015 ο
1465 1965 1516 2014 δέ
1539 1962 1587 2030 y’
1616 1960 1747 2027 ὅμως

161 2040 283 2086 Gust.
321 2041 546 2086 Wolsfius.
611 2056 672 2085 vs.
705 2040 766 2085 19
804 2054 855 2084 ex
890 2039 1026 2099 Soph.
1064 2040 1119 2086 fr.
1157 2039 1289 2097 847,
1325 2039 1357 2084 4
1394 2041 1631 2101 repetituS.
1682 2054 1746 2084 vs.

161 2110 227 2157 20
253 2105 305 2155 δέ
330 2107 455 2173 πως]
486 2106 536 2156 δὲ
561 2103 700 2155 παῖδ’
740 2110 1071 2155 Boissonadius.
1125 2125 1187 2155 vs.
1215 2110 1278 2156 28
1317 2101 1478 2169 λαθρα
1503 2101 1627 2184 πως]
1663 2109 1748 2152 λα-

158 2178 314 2237 θρίως
350 2181 637 2240 Musgravius.
698 2193 762 2224 vs,
791 2179 859 2227 40
894 2175 1020 2240 ε’ργει
1057 2180 1224 2226 malim.
1283 2195 1347 2225 vs.
1376 2179 1441 2225 47
1476 2171 1566 2240 γὰρ
1604 2173 1745 2241 ὄντα]

161 2245 316 2310 χρεών
340 2251 422 2311 ys?
472 2266 534 2296 vs.
555 2251 621 2297 48
649 2244 878 2307 πράσσων
905 2250 1002 2295 cod
1052 2264 1114 2294 vs.
1138 2250 1203 2296 60
1229 2245 1272 2293 εἰ
1295 2242 1432 2293 ταῦτ’
1463 2249 1746 2295 scribendum

161 2321 347 2366 videtur.
400 2335 463 2365 vs.
494 2321 555 2367 61
595 2316 738 2379 τῆσδε
773 2316 1005 2378 κοίρανον
1042 2309 1223 2377 χθονὸς
1258 2319 1495 2378 legendum
1523 2320 1746 2379 suspicor.

160 2406 224 2435 vs.
282 2390 345 2436 65
397 2386 462 2444 εἰς
510 2381 610 2434 τόδ’
663 2386 730 2444 εἰς
771 2379 801 2434 ὃ
847 2387 942 2434 νῦν
984 2381 1201 2448 θρασους
1244 2388 1496 2446 Porsonus‚
1544 2389 1601 2434 cs.
1645 2389 1741 2434 Eur.

160 2460 315 2521 Suppl.
349 2460 495 2506 1091.

1327 2955 1416 2998 20¹⁸
