2077 3139
799 103 1050 146 ΦΑΕΘῼΝ
1502 161 1506 165 ,
1621 100 1721 151 211

145 256 542 300 ΑΤΙωΔΑΤΔΑΝ
567 248 614 305 h,
643 241 759 290 αι’τῶ
786 242 813 289 δ
861 242 1002 289 αἶσαν
1028 246 1200 302 Herm,
1228 241 1347 290 αἰτῶ
1372 233 1416 289 δ’
1445 240 1579 289 αἴσια
1604 245 1725 289 Wei-

146 318 248 376 lius,
275 331 360 377 ego
386 313 524 360 αἴσια
551 305 594 359 δ’
626 312 746 360 αἰτῶ
772 316 937 361 malim.

892 435 993 487 776

312 524 489 597 θερμὴ
521 523 571 580 δ’
608 522 836 589 ἄνακτος
868 522 1003 594 φλὸξ
1032 519 1437 593 ὑπερτέλλουσα
1468 526 1564 594 γῆς

314 615 454 665 καίει
483 606 547 663 τὰ
577 606 793 679 πόρρω,
823 605 1104 678 τάγγύθεν
1136 603 1188 662 δ’
1224 603 1443 679 εὔκρατ’
1477 614 1600 678 ἔχει.

253 706 377 752 Stob.
408 705 495 750 Eoi.
526 706 582 763 1,
610 705 701 763 25,
729 705 758 750 3
797 719 838 764 p.
868 703 994 750 540:
1031 694 1332 763 Εὐριπίδης,
1367 701 1466 763 πῦρ
1493 696 1618 747 εἶναι
1646 692 1727 747 τὸν

150 770 303 833 ἥλιον.
353 770 476 836 λέγει
499 773 620 835 γοῦν
646 770 697 818 ἐν
723 800 790 805 -
819 768 1070 818 Φαέθοντι
1096 765 1286 832 εθερμὴ
1315 798 1378 805 —-—
1405 771 1522 833 γῆς’
1551 773 1629 831 (vs.
1663 771 1725 833 1).

150 846 373 890 Vitruvius
400 845 455 902 9,
486 846 511 889 1
530 881 543 902 ,
573 845 660 890 13:
687 847 729 889 si
753 846 879 889 radii
903 842 1047 901 (solis)
1065 857 1161 901 per
1185 857 1362 888 omnem
1386 845 1606 888 mundum
1626 843 1732 901 fusi

150 916 542 963 circinationibus
565 919 858 974 vagarentur
883 926 1034 973 neque
1059 914 1407 959 extentionibus
1424 916 1644 970 porrecti
1668 915 1732 956 acl

151 987 322 1044 triqom'
342 984 549 1043 formam
573 985 887 1040 linaerentur,
908 986 1141 1041 propiora
1164 985 1453 1042 flayrarent.
1503 984 1552 1027 id
1575 988 1730 1027 autem

149 1056 288 1099 etiam
314 1055 571 1111 Euripides
598 1054 890 1099 Graecorum
918 1058 1062 1111 poeta
1099 1054 1486 1098 animadvertisse
1523 1054 1706 1098 videtur
1718 1072 1730 1102 ,-

151 1127 217 1168 ait
242 1127 361 1169 enim
399 1137 522 1182 quae
555 1126 738 1182 lonyius
764 1138 792 1167 a
819 1124 916 1168 sole
942 1128 1120 1179 essent,
1159 1123 1279 1167 haec
1314 1121 1629 1167 vehementius
1654 1137 1731 1165 ar-

151 1196 276 1250 dere,
306 1195 541 1251 propiora
579 1205 689 1238 vero
717 1207 819 1238 eum
846 1198 1108 1250 temperata
1134 1193 1325 1237 habere.
1374 1193 1533 1250 itaque
1568 1192 1732 1236 scribit

151 1267 196 1308 in
227 1263 398 1321 fabula
434 1263 729 1308 Phaethonte
763 1265 857 1306 sio:
888 1257 1057 1305 ‘ualet
1086 1287 1148 1293 --
1185 1256 1327 1321 ἔχει’.
1384 1262 1615 1306 coniunxit
1648 1261 1732 1305 hos

153 1347 308 1377 versus
334 1334 585 1376 Barnesius.

895 1423 995 1475 777

318 1501 519 1571 χρυσέα
550 1501 723 1568 βῶλος

255 1597 379 1656 Diog.
408 1596 454 1641 L.
484 1596 541 1654 2,
570 1597 656 1643 1οε
693 1590 815 1672 φασὶ
852 1586 894 1638 δ’
926 1584 1074 1640 αὐτὸν
1110 1591 1447 1655 (Anaxagoram)
1482 1594 1735 1653 προειπεῖν

153 1654 239 1725 τὴν
273 1662 382 1724 περὶ
410 1656 560 1741 Αἰγὸς
584 1655 800 1725 ποταμὸν
825 1661 1093 1741 γενομένην
1127 1662 1212 1709 τοῦ
1248 1661 1393 1709 λίθου
1428 1662 1641 1724 πτῶσιν,
1676 1655 1734 1708 ὃν

154 1728 286 1780 εἶπεν
313 1730 364 1779 ἐκ
396 1736 482 1779 τοῦ
507 1723 649 1794 ἡλίου
673 1736 947 1781 πεσεῖσθαι.
997 1726 1120 1779 όθεν
1155 1729 1238 1778 καὶ
1265 1728 1545 1792 Εὐριπίδην
1570 1734 1732 1792 μαθη-

154 1797 243 1862 τὴν
277 1795 393 1849 ὄντα
435 1795 585 1849 αὐτοῦ
627 1800 834 1864 χρυσέαν
877 1802 1038 1864 βῶλον
1074 1801 1227 1848 εἰπεῖν
1269 1795 1352 1848 τὸν
1389 1795 1527 1863 ηλιον
1571 1797 1621 1846 ἐν
1663 1802 1734 1848 τῶ

157 1870 421 1920 Φαέθοντι.
470 1876 573 1920 hinc
600 1875 778 1920 suerunt
805 1876 881 1935 qui
910 1876 963 1919 (Γ.
994 1875 1117 1930 771,
1146 1875 1175 1920 3
1193 1865 1369 1928 'HI-tog·
1391 1866 1600 1933 ἀνίσχων
1625 1889 1734 1934 χρυ-

153 1941 237 1989 σέα
271 1937 416 2008 βώλῳ
453 1941 617 2004 φλέγει
659 1945 940 1989 scribendum
984 1945 1197 1990 ducerent
1239 1943 1296 2002 (v.
1334 1944 1483 1989 Valck.
1521 1945 1654 1989 Diatr.
1691 1958 1733 2002 p.

156 2015 263 2073 31);
302 2014 578 2092 probabilius
614 2015 787 2059 videtur
822 2015 941 2074 quod
977 2014 1183 2059 Matthiae
1218 2013 1434 2071 coniecit,
1472 2015 1635 2074 respici
1661 2013 1732 2058 Or.

157 2085 280 2131 983·
306 2074 500 2128 ἁλύσεσι
524 2078 772 2146 χρυσέαισι
799 2079 1072 2144 φερομέναν
1099 2079 1279 2129 δίναισι
1306 2081 1484 2143 βῶλον.

901 2217 1001 2270 778

324 2309 384 2363 ἐν
412 2319 550 2364 τοῖσι
579 2305 781 2380 μώροις
810 2305 954 2363 τοῦτ’
992 2305 1094 2377 ἐγὼ
1126 2311 1295 2378 κρίνω
1326 2309 1557 2378 βροτῶν,

321 2409 465 2454 οστις
505 2391 680 2463 πατὴρ
713 2386 790 2447 ω“ν
820 2392 977 2445 παισὶ
1007 2389 1080 2461 μὴ
1112 2395 1418 2461 φρονοῦσιν
1451 2390 1512 2445 εὐ

324 2470 358 2543 ἢ
390 2476 480 2528 καὶ
510 2480 753 2539 πολίταις
784 2471 1124 2545 παραδίδωσ’
1163 2476 1429 2540 ἐξουσίαν.

263 2570 386 2616 stoh.
414 2571 534 2616 Flor.
561 2570 646 2629 43,
675 2571 722 2617 2.

903 2663 1004 2714 779

326 2757 419 2808 ἔλα
451 2750 512 2808 δὲ
541 2750 674 2824 μήτε
703 2752 948 2822 Λιβυκὸν
979 2748 1166 2824 αἰθέρ’
1202 2749 1499 2823 εἰσβαλών·

325 2841 521 2908 κρᾶσιν
549 2835 652 2910 γὰρ
682 2831 858 2908 ὑγρὰν
888 2832 989 2891 οὐκ
1019 2841 1176 2908 ἔχων,
1208 2835 1379 2904 ἁψῖδα
1411 2834 1514 2905 σὴν

1319 2932 1399 2970 14*
