<?xml version="1.0" encoding="UTF-8"?>
<!DOCTYPE html PUBLIC "-//W3C//DTD XHTML 1.0 Transitional//EN"
    "http://www.w3.org/TR/xhtml1/DTD/xhtml1-transitional.dtd">
<html xmlns="http://www.w3.org/1999/xhtml" xml:lang="en" lang="en">
 <head>
  <title>
</title>
<meta http-equiv="Content-Type" content="text/html;charset=utf-8" />
  <meta name='ocr-system' content='tesseract 3.04.00' />
  <meta name='ocr-capabilities' content='ocr_page ocr_carea ocr_par ocr_line ocrx_word'/>
</head>
<body>
  <div class='ocr_page' id='page_1' title='image "./euripidistragoe03euriuoft_0132.png"; bbox 0 0 2077 3139; ppageno 0'>
   <div class='ocr_carea' id='block_1_1' title="bbox 310 115 1232 167">
    <p class='ocr_par' dir='ltr' id='par_1_1' title="bbox 310 115 1232 167">
     <span class='ocr_line' id='line_1_1' title="bbox 310 115 1232 167; baseline -0.011 0"><span class='ocrx_word' id='word_1_1' title='bbox 310 115 413 167; x_wconf 90' lang='lat'><strong><em>100</em></strong></span> <span class='ocrx_word' id='word_1_2' title='bbox 979 116 1232 159; x_wconf 76' lang='grc' dir='ltr'>ΘΗΣΕΤΣ</span> 
     </span>
    </p>
   </div>
   <div class='ocr_carea' id='block_1_2' title="bbox 297 255 1904 2748">
    <p class='ocr_par' dir='ltr' id='par_1_2' title="bbox 297 255 1903 2748">
     <span class='ocr_line' id='line_1_2' title="bbox 1058 255 1161 307; baseline -0.01 0"><span class='ocrx_word' id='word_1_3' title='bbox 1058 255 1161 307; x_wconf 73' lang='grc'><strong><em>586</em></strong></span> 
     </span>
     <span class='ocr_line' id='line_1_3' title="bbox 475 333 1667 418; baseline 0.004 -19"><span class='ocrx_word' id='word_1_4' title='bbox 475 333 520 398; x_wconf 73' lang='grc' dir='ltr'><strong><em>τό</em></strong></span> <span class='ocrx_word' id='word_1_5' title='bbox 549 344 785 418; x_wconf 75' lang='grc' dir='ltr'><strong><em>βδελυρέ</em></strong></span> <span class='ocrx_word' id='word_1_6' title='bbox 814 342 1180 416; x_wconf 80' lang='grc' dir='ltr'><strong><em>κάναίσχυντε</em></strong></span> <span class='ocrx_word' id='word_1_7' title='bbox 1211 346 1303 401; x_wconf 85' lang='grc' dir='ltr'><strong><em>καὶ</em></strong></span> <span class='ocrx_word' id='word_1_8' title='bbox 1332 346 1565 417; x_wconf 83' lang='grc' dir='ltr'><strong><em>τολμηρε</em></strong></span> <span class='ocrx_word' id='word_1_9' title='bbox 1595 344 1667 404; x_wconf 79' lang='grc' dir='ltr'><strong><em>σύ</em></strong></span> 
     </span>
     <span class='ocr_line' id='line_1_4' title="bbox 412 435 1902 517; baseline 0.005 -33"><span class='ocrx_word' id='word_1_10' title='bbox 412 440 1043 489; x_wconf 69' lang='lat' dir='ltr'><strong><em>Ar.Ran.465:A1A1&lt;02.</em></strong></span> <span class='ocrx_word' id='word_1_11' title='bbox 1081 440 1150 486; x_wconf 68' lang='lat' dir='ltr'><strong><em>‘cd</em></strong></span> <span class='ocrx_word' id='word_1_12' title='bbox 1177 437 1381 517; x_wconf 84' lang='grc' dir='ltr'><strong><em>βδελυρὲ</em></strong></span> <span class='ocrx_word' id='word_1_13' title='bbox 1408 468 1472 475; x_wconf 91' lang='grc'><strong>-</strong></span> <span class='ocrx_word' id='word_1_14' title='bbox 1501 435 1595 487; x_wconf 86' lang='lat' dir='ltr'><strong><em>6v&#39;&#39;</em></strong></span> <span class='ocrx_word' id='word_1_15' title='bbox 1601 475 1613 500; x_wconf 85' lang='lat'>‚</span> <span class='ocrx_word' id='word_1_16' title='bbox 1650 438 1731 488; x_wconf 84' lang='grc' dir='ltr'><strong><em>καὶ</em></strong></span> <span class='ocrx_word' id='word_1_17' title='bbox 1758 439 1902 504; x_wconf 81' lang='grc' dir='ltr'><strong><em>μιαρὲ</em></strong></span> 
     </span>
     <span class='ocr_line' id='line_1_5' title="bbox 307 500 1903 572; baseline 0.003 -18"><span class='ocrx_word' id='word_1_18' title='bbox 307 505 390 554; x_wconf 85' lang='grc' dir='ltr'><strong><em>καὶ</em></strong></span> <span class='ocrx_word' id='word_1_19' title='bbox 424 508 672 568; x_wconf 78' lang='grc' dir='ltr'><strong><em>παμμίαρε</em></strong></span> <span class='ocrx_word' id='word_1_20' title='bbox 709 507 790 556; x_wconf 83' lang='grc' dir='ltr'><strong><em>καὶ</em></strong></span> <span class='ocrx_word' id='word_1_21' title='bbox 826 505 1120 571; x_wconf 80' lang='grc' dir='ltr'><strong><em>μιαρώτατε.</em></strong></span> <span class='ocrx_word' id='word_1_22' title='bbox 1164 504 1217 566; x_wconf 78' lang='grc' dir='ltr'><strong><em>ὃς</em></strong></span> <span class='ocrx_word' id='word_1_23' title='bbox 1252 501 1336 557; x_wconf 81' lang='grc' dir='ltr'><strong><em>τὸν</em></strong></span> <span class='ocrx_word' id='word_1_24' title='bbox 1370 500 1474 557; x_wconf 85' lang='grc' dir='ltr'><strong><em>κύν’</em></strong></span> <span class='ocrx_word' id='word_1_25' title='bbox 1504 503 1645 572; x_wconf 78' lang='grc' dir='ltr'><strong><em>ἡμῶν</em></strong></span> <span class='ocrx_word' id='word_1_26' title='bbox 1680 509 1903 570; x_wconf 75' lang='grc' dir='ltr'><strong><em>ἐξελάσας</em></strong></span> 
     </span>
     <span class='ocr_line' id='line_1_6' title="bbox 306 570 1901 641; baseline 0.003 -17"><span class='ocrx_word' id='word_1_27' title='bbox 306 570 392 625; x_wconf 84' lang='grc' dir='ltr'><strong><em>τὸν</em></strong></span> <span class='ocrx_word' id='word_1_28' title='bbox 430 576 688 641; x_wconf 83' lang='grc' dir='ltr'><strong><em>Κέρβερον.</em></strong></span> <span class='ocrx_word' id='word_1_29' title='bbox 738 583 812 628; x_wconf 90' lang='lat' dir='ltr'><strong><em>ubi</em></strong></span> <span class='ocrx_word' id='word_1_30' title='bbox 849 583 1029 628; x_wconf 86' lang='lat' dir='ltr'>Scholia</span> <span class='ocrx_word' id='word_1_31' title='bbox 1053 583 1161 628; x_wconf 86' lang='lat' dir='ltr'>Ven.</span> <span class='ocrx_word' id='word_1_32' title='bbox 1197 598 1261 629; x_wconf 89' lang='lat' dir='ltr'><strong><em>v.s</em></strong></span> <span class='ocrx_word' id='word_1_33' title='bbox 1288 583 1414 630; x_wconf 88' lang='lat'>467:</span> <span class='ocrx_word' id='word_1_34' title='bbox 1449 576 1771 641; x_wconf 73' lang='grc' dir='ltr'><strong><em>παραπλήσιά</em></strong></span> <span class='ocrx_word' id='word_1_35' title='bbox 1806 580 1901 630; x_wconf 83' lang='grc' dir='ltr'><strong><em>ἐστι</em></strong></span> 
     </span>
     <span class='ocr_line' id='line_1_7' title="bbox 306 645 1904 731; baseline 0.004 -37"><span class='ocrx_word' id='word_1_36' title='bbox 306 646 496 706; x_wconf 83' lang='grc' dir='ltr'><strong><em>τούτοις</em></strong></span> <span class='ocrx_word' id='word_1_37' title='bbox 529 667 588 695; x_wconf 90' lang='grc' dir='ltr'><strong><em>τα</em></strong></span> <span class='ocrx_word' id='word_1_38' title='bbox 622 646 674 696; x_wconf 84' lang='grc' dir='ltr'><strong><em>ἐν</em></strong></span> <span class='ocrx_word' id='word_1_39' title='bbox 706 653 779 719; x_wconf 77' lang='grc' dir='ltr'><strong><em>τῷ</em></strong></span> <span class='ocrx_word' id='word_1_40' title='bbox 809 649 963 711; x_wconf 81' lang='grc' dir='ltr'><strong><em>Θησεῖ</em></strong></span> <span class='ocrx_word' id='word_1_41' title='bbox 991 648 1293 712; x_wconf 86' lang='grc' dir='ltr'><strong><em>πεποιημένα</em></strong></span> <span class='ocrx_word' id='word_1_42' title='bbox 1326 645 1440 712; x_wconf 88' lang='grc' dir='ltr'><strong><em>παρ’</em></strong></span> <span class='ocrx_word' id='word_1_43' title='bbox 1483 646 1762 731; x_wconf 80' lang='grc' dir='ltr'><strong><em>Εὐριπίδῃ·</em></strong></span> <span class='ocrx_word' id='word_1_44' title='bbox 1799 650 1904 700; x_wconf 82' lang='grc' dir='ltr'><strong><em>ἐκεῖ</em></strong></span> 
     </span>
     <span class='ocr_line' id='line_1_8' title="bbox 305 712 1902 786; baseline 0.004 -22"><span class='ocrx_word' id='word_1_45' title='bbox 305 736 398 781; x_wconf 82' lang='grc' dir='ltr'><strong><em>γαρ</em></strong></span> <span class='ocrx_word' id='word_1_46' title='bbox 434 719 652 776; x_wconf 86' lang='grc' dir='ltr'><strong><em>τοιοῦτος</em></strong></span> <span class='ocrx_word' id='word_1_47' title='bbox 692 712 757 783; x_wconf 81' lang='grc' dir='ltr'><strong><em>ἧν</em></strong></span> <span class='ocrx_word' id='word_1_48' title='bbox 799 714 1087 777; x_wconf 75' lang='grc' dir='ltr'><strong><em>σπουδάζων</em></strong></span> <span class='ocrx_word' id='word_1_49' title='bbox 1130 718 1213 767; x_wconf 84' lang='grc' dir='ltr'><strong><em>καὶ</em></strong></span> <span class='ocrx_word' id='word_1_50' title='bbox 1249 723 1449 768; x_wconf 86' lang='grc' dir='ltr'><strong><em>τοιαῦτα</em></strong></span> <span class='ocrx_word' id='word_1_51' title='bbox 1494 719 1618 784; x_wconf 71' lang='grc' dir='ltr'><strong><em>λέγει</em></strong></span> <span class='ocrx_word' id='word_1_52' title='bbox 1659 716 1783 786; x_wconf 82' lang='grc' dir='ltr'><strong><em>πρὸς</em></strong></span> <span class='ocrx_word' id='word_1_53' title='bbox 1815 717 1902 770; x_wconf 79' lang='grc' dir='ltr'><strong><em>τὸν</em></strong></span> 
     </span>
     <span class='ocr_line' id='line_1_9' title="bbox 308 788 1900 854; baseline 0.003 -18"><span class='ocrx_word' id='word_1_54' title='bbox 308 788 504 836; x_wconf 90' lang='grc' dir='ltr'><strong><em>Μίνωα.</em></strong></span> <span class='ocrx_word' id='word_1_55' title='bbox 583 806 738 852; x_wconf 73' lang='lat' dir='ltr'>yersus</span> <span class='ocrx_word' id='word_1_56' title='bbox 796 808 932 854; x_wconf 77' lang='lat' dir='ltr'>supra</span> <span class='ocrx_word' id='word_1_57' title='bbox 991 797 1187 854; x_wconf 84' lang='lat' dir='ltr'><strong><em>scriptus</em></strong></span> <span class='ocrx_word' id='word_1_58' title='bbox 1246 796 1441 839; x_wconf 84' lang='lat' dir='ltr'>recurrit</span> <span class='ocrx_word' id='word_1_59' title='bbox 1501 799 1578 839; x_wconf 90' lang='lat' dir='ltr'><strong><em>Ar.</em></strong></span> <span class='ocrx_word' id='word_1_60' title='bbox 1623 795 1724 841; x_wconf 82' lang='lat' dir='ltr'>Pac.</span> <span class='ocrx_word' id='word_1_61' title='bbox 1775 795 1900 842; x_wconf 84' lang='lat'>182:</span> 
     </span>
     <span class='ocr_line' id='line_1_10' title="bbox 304 852 1902 934; baseline 0.004 -29"><span class='ocrx_word' id='word_1_62' title='bbox 304 865 531 906; x_wconf 79' lang='grc' dir='ltr'><strong><em>ΕΡΜΗΣ.</em></strong></span> <span class='ocrx_word' id='word_1_63' title='bbox 566 853 602 907; x_wconf 79' lang='grc' dir='ltr'><em>ὦ</em></span> <span class='ocrx_word' id='word_1_64' title='bbox 627 858 833 922; x_wconf 84' lang='grc' dir='ltr'><strong><em>βδελυρὲ</em></strong></span> <span class='ocrx_word' id='word_1_65' title='bbox 858 879 941 907; x_wconf 88' lang='grc' dir='ltr'><strong><em>και</em></strong></span> <span class='ocrx_word' id='word_1_66' title='bbox 967 859 1170 923; x_wconf 72' lang='grc' dir='ltr'><strong><em>τολμηρὲ</em></strong></span> <span class='ocrx_word' id='word_1_67' title='bbox 1198 852 1516 923; x_wconf 88' lang='grc' dir='ltr'><strong><em>καναίσχυντε</em></strong></span> <span class='ocrx_word' id='word_1_68' title='bbox 1542 855 1601 908; x_wconf 77' lang='grc' dir='ltr'><strong><em>σὺ</em></strong></span> <span class='ocrx_word' id='word_1_69' title='bbox 1629 860 1737 928; x_wconf 86' lang='grc' dir='ltr'><strong><em>[καὶ</em></strong></span> <span class='ocrx_word' id='word_1_70' title='bbox 1747 861 1902 934; x_wconf 43' lang='grc' dir='ltr'><strong><em>,μιαρὲ</em></strong></span> 
     </span>
     <span class='ocr_line' id='line_1_11' title="bbox 305 925 1899 996; baseline 0.004 -23.004"><span class='ocrx_word' id='word_1_71' title='bbox 305 926 388 974; x_wconf 86' lang='grc' dir='ltr'><strong><em>καὶ</em></strong></span> <span class='ocrx_word' id='word_1_72' title='bbox 414 929 663 992; x_wconf 87' lang='grc' dir='ltr'><strong><em>παμμίαρε</em></strong></span> <span class='ocrx_word' id='word_1_73' title='bbox 690 929 772 978; x_wconf 86' lang='grc' dir='ltr'><strong><em>καὶ</em></strong></span> <span class='ocrx_word' id='word_1_74' title='bbox 797 926 1113 996; x_wconf 76' lang='grc' dir='ltr'><strong><em>μιαρώτατε],</em></strong></span> <span class='ocrx_word' id='word_1_75' title='bbox 1139 949 1248 987; x_wconf 88' lang='grc' dir='ltr'><strong><em>πως</em></strong></span> <span class='ocrx_word' id='word_1_76' title='bbox 1274 926 1405 993; x_wconf 78' lang='grc' dir='ltr'><strong><em>δεῦρ’</em></strong></span> <span class='ocrx_word' id='word_1_77' title='bbox 1435 925 1657 991; x_wconf 78' lang='grc' dir='ltr'><strong><em>ανῆλθες</em></strong></span> <span class='ocrx_word' id='word_1_78' title='bbox 1672 968 1686 994; x_wconf 82' lang='grc'>,</span> <span class='ocrx_word' id='word_1_79' title='bbox 1725 951 1763 981; x_wconf 89' lang='grc' dir='ltr'><strong><em>ω</em></strong></span> <span class='ocrx_word' id='word_1_80' title='bbox 1789 952 1899 995; x_wconf 87' lang='grc' dir='ltr'><strong><em>μια-</em></strong></span> 
     </span>
     <span class='ocr_line' id='line_1_12' title="bbox 306 996 1900 1064; baseline 0.004 -20"><span class='ocrx_word' id='word_1_81' title='bbox 306 998 406 1057; x_wconf 79' lang='grc' dir='ltr'><strong><em>ρῶν</em></strong></span> <span class='ocrx_word' id='word_1_82' title='bbox 441 996 738 1061; x_wconf 75' lang='grc' dir='ltr'><strong><em>μιαρώτατες</em></strong></span> <span class='ocrx_word' id='word_1_83' title='bbox 790 1004 843 1048; x_wconf 82' lang='lat' dir='ltr'><strong><em>cs.</em></strong></span> <span class='ocrx_word' id='word_1_84' title='bbox 882 1005 981 1049; x_wconf 74' lang='lat' dir='ltr'>Pac.</span> <span class='ocrx_word' id='word_1_85' title='bbox 1021 1004 1145 1052; x_wconf 79' lang='lat'>362:</span> <span class='ocrx_word' id='word_1_86' title='bbox 1190 1019 1228 1049; x_wconf 93' lang='grc' dir='ltr'><strong><em>ω</em></strong></span> <span class='ocrx_word' id='word_1_87' title='bbox 1273 998 1416 1064; x_wconf 83' lang='grc' dir='ltr'><strong><em>μιαρὲ</em></strong></span> <span class='ocrx_word' id='word_1_88' title='bbox 1459 1000 1542 1048; x_wconf 82' lang='grc' dir='ltr'><strong><em>καὶ</em></strong></span> <span class='ocrx_word' id='word_1_89' title='bbox 1577 1003 1808 1064; x_wconf 79' lang='grc' dir='ltr'><strong><em>τολμηρὲ,</em></strong></span> <span class='ocrx_word' id='word_1_90' title='bbox 1854 1017 1900 1051; x_wconf 82' lang='grc' dir='ltr'><strong><em>τι</em></strong></span> 
     </span>
     <span class='ocr_line' id='line_1_13' title="bbox 304 1069 1899 1133; baseline 0.003 -18"><span class='ocrx_word' id='word_1_91' title='bbox 304 1073 465 1115; x_wconf 78' lang='grc' dir='ltr'><strong><em>ποιεῖν</em></strong></span> <span class='ocrx_word' id='word_1_92' title='bbox 492 1070 704 1129; x_wconf 86' lang='grc' dir='ltr'><strong><em>διανοεῖ;</em></strong></span> <span class='ocrx_word' id='word_1_93' title='bbox 754 1073 1066 1120; x_wconf 77' lang='lat' dir='ltr'>Nuh.1327:</span> <span class='ocrx_word' id='word_1_94' title='bbox 1115 1069 1153 1119; x_wconf 82' lang='grc' dir='ltr'><em>ὠ</em></span> <span class='ocrx_word' id='word_1_95' title='bbox 1186 1069 1329 1132; x_wconf 82' lang='grc' dir='ltr'><strong><em>μιαρὲ</em></strong></span> <span class='ocrx_word' id='word_1_96' title='bbox 1372 1069 1456 1118; x_wconf 83' lang='grc' dir='ltr'><strong><em>καὶ</em></strong></span> <span class='ocrx_word' id='word_1_97' title='bbox 1499 1076 1770 1133; x_wconf 82' lang='grc' dir='ltr'><strong><em>πατραλοῖα</em></strong></span> <span class='ocrx_word' id='word_1_98' title='bbox 1814 1071 1899 1120; x_wconf 83' lang='grc' dir='ltr'><strong><em>καὶ</em></strong></span> 
     </span>
     <span class='ocr_line' id='line_1_14' title="bbox 304 1134 1898 1206; baseline 0.003 -20"><span class='ocrx_word' id='word_1_99' title='bbox 304 1134 583 1202; x_wconf 83' lang='grc' dir='ltr'><strong><em>τοιχωρύχε.</em></strong></span> <span class='ocrx_word' id='word_1_100' title='bbox 632 1146 710 1189; x_wconf 84' lang='lat' dir='ltr'><strong><em>Ar.</em></strong></span> <span class='ocrx_word' id='word_1_101' title='bbox 736 1143 857 1189; x_wconf 86' lang='lat' dir='ltr'><strong>Com.</strong></span> <span class='ocrx_word' id='word_1_102' title='bbox 889 1143 918 1188; x_wconf 78' lang='lat'>2</span> <span class='ocrx_word' id='word_1_103' title='bbox 942 1159 986 1203; x_wconf 87' lang='lat' dir='ltr'><strong><em>p.</em></strong></span> <span class='ocrx_word' id='word_1_104' title='bbox 1015 1144 1140 1191; x_wconf 80' lang='lat'><strong><em>958:</em></strong></span> <span class='ocrx_word' id='word_1_105' title='bbox 1170 1143 1207 1190; x_wconf 78' lang='grc' dir='ltr'><em>ὤ</em></span> <span class='ocrx_word' id='word_1_106' title='bbox 1235 1138 1379 1206; x_wconf 79' lang='grc' dir='ltr'><strong><em>μιαρὲ</em></strong></span> <span class='ocrx_word' id='word_1_107' title='bbox 1403 1139 1486 1188; x_wconf 88' lang='grc' dir='ltr'><strong><em>καὶ</em></strong></span> <span class='ocrx_word' id='word_1_108' title='bbox 1509 1141 1791 1205; x_wconf 77' lang='grc' dir='ltr'><strong><em>Φρυνώνδα</em></strong></span> <span class='ocrx_word' id='word_1_109' title='bbox 1817 1142 1898 1191; x_wconf 83' lang='grc' dir='ltr'><strong><em>καὶ</em></strong></span> 
     </span>
     <span class='ocr_line' id='line_1_15' title="bbox 303 1206 1900 1278; baseline 0.004 -22"><span class='ocrx_word' id='word_1_110' title='bbox 303 1207 486 1271; x_wconf 83' lang='grc' dir='ltr'><strong><em>πονηρὲ</em></strong></span> <span class='ocrx_word' id='word_1_111' title='bbox 510 1206 986 1260; x_wconf 72' lang='lat' dir='ltr'><strong>615.Com.anou.4</strong></span> <span class='ocrx_word' id='word_1_112' title='bbox 1012 1230 1057 1274; x_wconf 90' lang='lat' dir='ltr'><strong><em>p.</em></strong></span> <span class='ocrx_word' id='word_1_113' title='bbox 1090 1215 1213 1261; x_wconf 85' lang='lat'>657:</span> <span class='ocrx_word' id='word_1_114' title='bbox 1244 1207 1280 1259; x_wconf 82' lang='grc' dir='ltr'><em>ὠ</em></span> <span class='ocrx_word' id='word_1_115' title='bbox 1306 1208 1507 1274; x_wconf 87' lang='grc' dir='ltr'><strong><em>προδότι</em></strong></span> <span class='ocrx_word' id='word_1_116' title='bbox 1531 1211 1614 1260; x_wconf 87' lang='grc' dir='ltr'><strong><em>καὶ</em></strong></span> <span class='ocrx_word' id='word_1_117' title='bbox 1640 1212 1900 1278; x_wconf 78' lang='grc' dir='ltr'><strong><em>παραγωγὲ</em></strong></span> 
     </span>
     <span class='ocr_line' id='line_1_16' title="bbox 303 1275 728 1342; baseline 0.002 -16"><span class='ocrx_word' id='word_1_118' title='bbox 303 1277 385 1327; x_wconf 84' lang='grc' dir='ltr'><strong><em>καὶ</em></strong></span> <span class='ocrx_word' id='word_1_119' title='bbox 410 1275 626 1342; x_wconf 84' lang='grc' dir='ltr'><strong><em>μύραινα</em></strong></span> <span class='ocrx_word' id='word_1_120' title='bbox 651 1275 728 1330; x_wconf 84' lang='grc' dir='ltr'><strong><em>σύ.</em></strong></span> 
     </span>
     <span class='ocr_line' id='line_1_17' title="bbox 1051 1350 1152 1401; baseline 0 0"><span class='ocrx_word' id='word_1_121' title='bbox 1051 1350 1152 1401; x_wconf 71' lang='grc'><strong><em>337</em></strong></span> 
     </span>
     <span class='ocr_line' id='line_1_18' title="bbox 403 1425 765 1472; baseline 0.006 -2"><span class='ocrx_word' id='word_1_122' title='bbox 403 1436 478 1472; x_wconf 72' lang='lat' dir='ltr'><strong><em>Ar.</em></strong></span> <span class='ocrx_word' id='word_1_123' title='bbox 506 1425 611 1472; x_wconf 85' lang='lat' dir='ltr'>Ran.</span> <span class='ocrx_word' id='word_1_124' title='bbox 637 1425 765 1472; x_wconf 82' lang='lat'>470:</span> 
     </span>
     <span class='ocr_line' id='line_1_19' title="bbox 511 1486 1864 1555; baseline 0.004 -17.022"><span class='ocrx_word' id='word_1_125' title='bbox 511 1493 615 1538; x_wconf 83' lang='grc' dir='ltr'><strong><em>τοία</em></strong></span> <span class='ocrx_word' id='word_1_126' title='bbox 642 1486 830 1555; x_wconf 74' lang='grc' dir='ltr'><strong><em>Στυγός</em></strong></span> <span class='ocrx_word' id='word_1_127' title='bbox 855 1506 907 1540; x_wconf 88' lang='grc' dir='ltr'><strong><em>σε</em></strong></span> <span class='ocrx_word' id='word_1_128' title='bbox 932 1488 1313 1554; x_wconf 73' lang='grc' dir='ltr'><strong><em>μελανοκάρδιος</em></strong></span> <span class='ocrx_word' id='word_1_129' title='bbox 1337 1495 1490 1555; x_wconf 86' lang='grc' dir='ltr'><strong><em>πέτρα</em></strong></span> <span class='ocrx_word' id='word_1_130' title='bbox 1760 1498 1864 1544; x_wconf 75' lang='grc'><strong><em>470</em></strong></span> 
     </span>
     <span class='ocr_line' id='line_1_20' title="bbox 503 1553 1517 1628; baseline 0.002 -20.016"><span class='ocrx_word' id='word_1_131' title='bbox 503 1553 805 1624; x_wconf 74' lang='grc' dir='ltr'><strong><em>Ἀχερόντιός</em></strong></span> <span class='ocrx_word' id='word_1_132' title='bbox 830 1580 878 1609; x_wconf 89' lang='grc' dir='ltr'><strong><em>τε</em></strong></span> <span class='ocrx_word' id='word_1_133' title='bbox 904 1566 1081 1610; x_wconf 89' lang='grc' dir='ltr'><strong><em>σκοπελ</em></strong></span> <span class='ocrx_word' id='word_1_134' title='bbox 1087 1556 1138 1620; x_wconf 86' lang='grc' dir='ltr'><strong><em>ὸς</em></strong></span> <span class='ocrx_word' id='word_1_135' title='bbox 1163 1557 1517 1628; x_wconf 75' lang='grc' dir='ltr'><strong><em>αἱματοσταγὴς</em></strong></span> 
     </span>
     <span class='ocr_line' id='line_1_21' title="bbox 510 1629 1602 1712; baseline 0.003 -34"><span class='ocrx_word' id='word_1_136' title='bbox 510 1633 783 1691; x_wconf 82' lang='grc' dir='ltr'><strong><em>φρουροῦσι</em></strong></span> <span class='ocrx_word' id='word_1_137' title='bbox 809 1634 1047 1681; x_wconf 83' lang='grc' dir='ltr'><strong><em>Κωκυτοῦ</em></strong></span> <span class='ocrx_word' id='word_1_138' title='bbox 1072 1651 1122 1680; x_wconf 90' lang='grc' dir='ltr'><strong><em>τε</em></strong></span> <span class='ocrx_word' id='word_1_139' title='bbox 1147 1633 1430 1712; x_wconf 77' lang='grc' dir='ltr'><strong><em>περίδρομοι</em></strong></span> <span class='ocrx_word' id='word_1_140' title='bbox 1458 1629 1602 1690; x_wconf 73' lang='grc' dir='ltr'><strong><em>κύνες</em></strong></span> 
     </span>
     <span class='ocr_line' id='line_1_22' title="bbox 495 1696 1740 1785; baseline 0.002 -36.056"><span class='ocrx_word' id='word_1_141' title='bbox 495 1697 706 1764; x_wconf 69' lang='grc' dir='ltr'><strong><em>’Ἑχιδνά</em></strong></span> <span class='ocrx_word' id='word_1_142' title='bbox 729 1697 778 1749; x_wconf 70' lang='grc' dir='ltr'><strong><em>θ7</em></strong></span> <span class='ocrx_word' id='word_1_143' title='bbox 806 1700 1192 1766; x_wconf 67' lang='grc' dir='ltr'><strong><em>ἑκατογκέφαλος</em></strong></span> <span class='ocrx_word' id='word_1_144' title='bbox 1170 1741 1222 1785; x_wconf 56' lang='lat'><strong><em>3’‚</em></strong></span> <span class='ocrx_word' id='word_1_145' title='bbox 1235 1696 1266 1765; x_wconf 80' lang='grc' dir='ltr'>ἢ</span> <span class='ocrx_word' id='word_1_146' title='bbox 1291 1723 1350 1752; x_wconf 87' lang='grc' dir='ltr'><strong><em>τα</em></strong></span> <span class='ocrx_word' id='word_1_147' title='bbox 1376 1701 1626 1767; x_wconf 44' lang='grc' dir='ltr'><strong><em>σπλαιχνα</em></strong></span> <span class='ocrx_word' id='word_1_148' title='bbox 1652 1719 1740 1752; x_wconf 91' lang='grc' dir='ltr'><strong><em>σου</em></strong></span> 
     </span>
     <span class='ocr_line' id='line_1_23' title="bbox 510 1767 1535 1835; baseline 0.001 -15"><span class='ocrx_word' id='word_1_149' title='bbox 510 1769 843 1834; x_wconf 81' lang='grc' dir='ltr'><strong><em>διασπαραξει,</em></strong></span> <span class='ocrx_word' id='word_1_150' title='bbox 871 1770 1161 1835; x_wconf 86' lang='grc' dir='ltr'><strong><em>πλευμόνων</em></strong></span> <span class='ocrx_word' id='word_1_151' title='bbox 1187 1767 1222 1821; x_wconf 78' lang='grc' dir='ltr'><strong><em>τ’</em></strong></span> <span class='ocrx_word' id='word_1_152' title='bbox 1248 1767 1535 1835; x_wconf 80' lang='grc' dir='ltr'><strong><em>ἆνθαψεται</em></strong></span> 
     </span>
     <span class='ocr_line' id='line_1_24' title="bbox 513 1842 1859 1926; baseline 0.004 -36"><span class='ocrx_word' id='word_1_153' title='bbox 513 1842 788 1926; x_wconf 85' lang='grc' dir='ltr'><strong><em>[Ταρτησία</em></strong></span> <span class='ocrx_word' id='word_1_154' title='bbox 813 1863 995 1906; x_wconf 84' lang='grc' dir='ltr'><strong><em>μυοαιι</em></strong></span> <span class='ocrx_word' id='word_1_155' title='bbox 999 1843 1079 1922; x_wconf 88' lang='grc' dir='ltr'><strong><em>α]</em></strong></span> <span class='ocrx_word' id='word_1_156' title='bbox 1109 1863 1176 1893; x_wconf 92' lang='grc' dir='ltr'><strong><em>τω</em></strong></span> <span class='ocrx_word' id='word_1_157' title='bbox 1199 1861 1367 1907; x_wconf 84' lang='grc' dir='ltr'><strong><em>νεφρω</em></strong></span> <span class='ocrx_word' id='word_1_158' title='bbox 1396 1843 1446 1892; x_wconf 88' lang='grc' dir='ltr'><strong><em>δέ</em></strong></span> <span class='ocrx_word' id='word_1_159' title='bbox 1470 1859 1558 1891; x_wconf 88' lang='grc' dir='ltr'><strong><em>σου</em></strong></span> <span class='ocrx_word' id='word_1_160' title='bbox 1757 1848 1859 1895; x_wconf 81' lang='lat'><strong><em>475</em></strong></span> 
     </span>
     <span class='ocr_line' id='line_1_25' title="bbox 508 1908 1341 1979; baseline 0.002 -20"><span class='ocrx_word' id='word_1_161' title='bbox 508 1915 728 1961; x_wconf 84' lang='grc' dir='ltr'><strong><em>αυτοῑσιν</em></strong></span> <span class='ocrx_word' id='word_1_162' title='bbox 754 1930 851 1960; x_wconf 78' lang='grc' dir='ltr'><strong><em>εντε</em></strong></span> <span class='ocrx_word' id='word_1_163' title='bbox 835 1913 1015 1977; x_wconf 82' lang='grc' dir='ltr'><strong><em>’ροισιν</em></strong></span> <span class='ocrx_word' id='word_1_164' title='bbox 1041 1908 1341 1979; x_wconf 84' lang='grc' dir='ltr'><strong><em>ηματωμένω</em></strong></span> 
     </span>
     <span class='ocr_line' id='line_1_26' title="bbox 510 1979 1496 2051; baseline 0.001 -21"><span class='ocrx_word' id='word_1_165' title='bbox 510 1979 858 2031; x_wconf 75' lang='grc' dir='ltr'><strong><em>διασπάσονται</em></strong></span> <span class='ocrx_word' id='word_1_166' title='bbox 886 1981 1131 2049; x_wconf 76' lang='grc' dir='ltr'><strong><em>Γοργόνες</em></strong></span> <span class='ocrx_word' id='word_1_167' title='bbox 1159 1980 1496 2051; x_wconf 70' lang='grc' dir='ltr'><strong><em>[Τιθροῖσιαι]</em></strong></span> 
     </span>
     <span class='ocr_line' id='line_1_27' title="bbox 403 2056 1894 2118; baseline 0.003 -18"><span class='ocrx_word' id='word_1_168' title='bbox 403 2056 450 2100; x_wconf 88' lang='lat' dir='ltr'><strong><em>ln</em></strong></span> <span class='ocrx_word' id='word_1_169' title='bbox 478 2057 547 2102; x_wconf 84' lang='lat' dir='ltr'><strong><em>his</em></strong></span> <span class='ocrx_word' id='word_1_170' title='bbox 573 2057 688 2101; x_wconf 78' lang='lat' dir='ltr'>haud</span> <span class='ocrx_word' id='word_1_171' title='bbox 716 2072 854 2117; x_wconf 78' lang='lat' dir='ltr'>pauca</span> <span class='ocrx_word' id='word_1_172' title='bbox 881 2059 1034 2103; x_wconf 85' lang='lat' dir='ltr'>inesse</span> <span class='ocrx_word' id='word_1_173' title='bbox 1061 2073 1113 2104; x_wconf 76' lang='lat' dir='ltr'><strong><em>ex</em></strong></span> <span class='ocrx_word' id='word_1_174' title='bbox 1138 2058 1362 2118; x_wconf 84' lang='lat' dir='ltr'>Euripidis</span> <span class='ocrx_word' id='word_1_175' title='bbox 1381 2059 1560 2103; x_wconf 86' lang='lat' dir='ltr'><strong>Theseo</strong></span> <span class='ocrx_word' id='word_1_176' title='bbox 1588 2058 1729 2118; x_wconf 78' lang='lat' dir='ltr'>petita</span> <span class='ocrx_word' id='word_1_177' title='bbox 1756 2059 1894 2105; x_wconf 87' lang='lat' dir='ltr'>Scho-</span> 
     </span>
     <span class='ocr_line' id='line_1_28' title="bbox 297 2123 1890 2188; baseline 0.001 -16"><span class='ocrx_word' id='word_1_178' title='bbox 297 2125 358 2172; x_wconf 78' lang='lat' dir='ltr'><strong><em>lia</em></strong></span> <span class='ocrx_word' id='word_1_179' title='bbox 395 2124 605 2173; x_wconf 76' lang='lat' dir='ltr'>indicant.</span> <span class='ocrx_word' id='word_1_180' title='bbox 655 2127 710 2172; x_wconf 84' lang='lat' dir='ltr'><strong><em>ad</em></strong></span> <span class='ocrx_word' id='word_1_181' title='bbox 743 2141 809 2173; x_wconf 88' lang='lat' dir='ltr'><strong><em>vs.</em></strong></span> <span class='ocrx_word' id='word_1_182' title='bbox 835 2127 939 2175; x_wconf 78' lang='lat'>470</span> <span class='ocrx_word' id='word_1_183' title='bbox 971 2129 1111 2173; x_wconf 82' lang='lat' dir='ltr'>codex</span> <span class='ocrx_word' id='word_1_184' title='bbox 1151 2126 1192 2173; x_wconf 92' lang='grc' dir='ltr'>Θ</span> <span class='ocrx_word' id='word_1_185' title='bbox 1228 2129 1502 2188; x_wconf 78' lang='lat' dir='ltr'>adscriptum</span> <span class='ocrx_word' id='word_1_186' title='bbox 1538 2128 1673 2173; x_wconf 80' lang='lat' dir='ltr'>habet</span> <span class='ocrx_word' id='word_1_187' title='bbox 1707 2123 1760 2173; x_wconf 80' lang='grc' dir='ltr'><strong><em>ἐκ</em></strong></span> <span class='ocrx_word' id='word_1_188' title='bbox 1792 2126 1890 2188; x_wconf 86' lang='grc' dir='ltr'><strong><em>Θη-</em></strong></span> 
     </span>
     <span class='ocr_line' id='line_1_29' title="bbox 297 2186 1892 2274; baseline 0.002 -34"><span class='ocrx_word' id='word_1_189' title='bbox 297 2194 416 2250; x_wconf 73' lang='grc' dir='ltr'><strong><em>σέως</em></strong></span> <span class='ocrx_word' id='word_1_190' title='bbox 451 2186 745 2274; x_wconf 70' lang='grc' dir='ltr'><strong><em>Εὐριπίδου.</em></strong></span> <span class='ocrx_word' id='word_1_191' title='bbox 804 2198 899 2243; x_wconf 87' lang='lat' dir='ltr'><strong>cod.</strong></span> <span class='ocrx_word' id='word_1_192' title='bbox 941 2197 1071 2243; x_wconf 86' lang='lat' dir='ltr'>Ven.:</span> <span class='ocrx_word' id='word_1_193' title='bbox 1113 2193 1196 2241; x_wconf 85' lang='grc' dir='ltr'><strong><em>καὶ</em></strong></span> <span class='ocrx_word' id='word_1_194' title='bbox 1240 2190 1299 2242; x_wconf 75' lang='grc' dir='ltr'><strong><em>τὰ</em></strong></span> <span class='ocrx_word' id='word_1_195' title='bbox 1341 2193 1430 2257; x_wconf 82' lang='grc' dir='ltr'><strong><em>μὲν</em></strong></span> <span class='ocrx_word' id='word_1_196' title='bbox 1471 2193 1635 2272; x_wconf 76' lang='grc' dir='ltr'><strong><em>ἑαυτῷ</em></strong></span> <span class='ocrx_word' id='word_1_197' title='bbox 1667 2191 1892 2243; x_wconf 90' lang='grc' dir='ltr'><strong><em>πλαττων</em></strong></span> 
     </span>
     <span class='ocr_line' id='line_1_30' title="bbox 300 2255 1891 2329; baseline 0.003 -20"><span class='ocrx_word' id='word_1_198' title='bbox 300 2262 449 2326; x_wconf 73' lang='grc' dir='ltr'><strong><em>λέγει,</em></strong></span> <span class='ocrx_word' id='word_1_199' title='bbox 486 2283 544 2311; x_wconf 90' lang='grc' dir='ltr'><strong><em>τα</em></strong></span> <span class='ocrx_word' id='word_1_200' title='bbox 572 2261 670 2312; x_wconf 78' lang='grc' dir='ltr'><strong><em>δε’</em></strong></span> <span class='ocrx_word' id='word_1_201' title='bbox 649 2265 694 2322; x_wconf 80' lang='grc' dir='ltr'><strong><em>εξ</em></strong></span> <span class='ocrx_word' id='word_1_202' title='bbox 720 2255 1012 2322; x_wconf 74' lang='grc' dir='ltr'><strong><em>Εὐριπίδου.</em></strong></span> <span class='ocrx_word' id='word_1_203' title='bbox 1065 2269 1215 2314; x_wconf 84' lang='lat' dir='ltr'><strong>Schol.</strong></span> <span class='ocrx_word' id='word_1_204' title='bbox 1245 2284 1306 2315; x_wconf 86' lang='lat' dir='ltr'><strong><em>vs.</em></strong></span> <span class='ocrx_word' id='word_1_205' title='bbox 1334 2269 1458 2315; x_wconf 84' lang='lat'>475:</span> <span class='ocrx_word' id='word_1_206' title='bbox 1494 2258 1546 2312; x_wconf 85' lang='grc' dir='ltr'><strong><em>τὸ</em></strong></span> <span class='ocrx_word' id='word_1_207' title='bbox 1579 2283 1671 2328; x_wconf 73' lang='grc' dir='ltr'><strong><em>γαρ</em></strong></span> <span class='ocrx_word' id='word_1_208' title='bbox 1698 2259 1891 2329; x_wconf 80' lang='grc' dir='ltr'><strong><em>Στυγὸς</em></strong></span> 
     </span>
     <span class='ocr_line' id='line_1_31' title="bbox 298 2327 1889 2397; baseline 0.003 -18"><span class='ocrx_word' id='word_1_209' title='bbox 298 2327 624 2396; x_wconf 87' lang='grc' dir='ltr'><strong><em>εκπληκτικὸν</em></strong></span> <span class='ocrx_word' id='word_1_210' title='bbox 651 2338 753 2382; x_wconf 85' lang='grc' dir='ltr'><strong><em>εἰπε</em></strong></span> <span class='ocrx_word' id='word_1_211' title='bbox 778 2331 982 2392; x_wconf 84' lang='grc' dir='ltr'><strong><em>τούτοις.</em></strong></span> <span class='ocrx_word' id='word_1_212' title='bbox 1033 2334 1134 2382; x_wconf 87' lang='grc' dir='ltr'><strong><em>ε’στι</em></strong></span> <span class='ocrx_word' id='word_1_213' title='bbox 1163 2334 1215 2382; x_wconf 82' lang='grc' dir='ltr'><strong><em>δὲ</em></strong></span> <span class='ocrx_word' id='word_1_214' title='bbox 1253 2335 1404 2382; x_wconf 82' lang='grc' dir='ltr'><strong><em>ταῦτα</em></strong></span> <span class='ocrx_word' id='word_1_215' title='bbox 1431 2333 1482 2382; x_wconf 82' lang='grc' dir='ltr'><strong><em>ἐν</em></strong></span> <span class='ocrx_word' id='word_1_216' title='bbox 1513 2336 1670 2395; x_wconf 85' lang='grc' dir='ltr'><strong><em>Θησεῖ</em></strong></span> <span class='ocrx_word' id='word_1_217' title='bbox 1687 2353 1889 2397; x_wconf 87' lang='grc' dir='ltr'><strong><em>πεποιη-</em></strong></span> 
     </span>
     <span class='ocr_line' id='line_1_32' title="bbox 297 2398 1890 2491; baseline 0.003 -42"><span class='ocrx_word' id='word_1_218' title='bbox 297 2402 420 2464; x_wconf 85' lang='grc' dir='ltr'><strong><em>μένα</em></strong></span> <span class='ocrx_word' id='word_1_219' title='bbox 446 2400 719 2491; x_wconf 84' lang='grc' dir='ltr'><strong><em>Ευριπίδῃ·</em></strong></span> <span class='ocrx_word' id='word_1_220' title='bbox 759 2402 867 2451; x_wconf 80' lang='grc' dir='ltr'><strong><em>ἐκεῖ</em></strong></span> <span class='ocrx_word' id='word_1_221' title='bbox 882 2424 975 2468; x_wconf 76' lang='grc' dir='ltr'><strong><em>γαρ</em></strong></span> <span class='ocrx_word' id='word_1_222' title='bbox 1002 2402 1220 2463; x_wconf 78' lang='grc' dir='ltr'><strong><em>τοιοῦτός</em></strong></span> <span class='ocrx_word' id='word_1_223' title='bbox 1247 2402 1342 2452; x_wconf 79' lang='grc' dir='ltr'><strong><em>ἔστι</em></strong></span> <span class='ocrx_word' id='word_1_224' title='bbox 1371 2402 1712 2462; x_wconf 61' lang='grc' dir='ltr'><strong><em>σπουδάζων’</em></strong></span> <span class='ocrx_word' id='word_1_225' title='bbox 1682 2423 1709 2454; x_wconf 95' lang='grc' dir='ltr'><strong><em>ο</em></strong></span> <span class='ocrx_word' id='word_1_226' title='bbox 1737 2398 1890 2469; x_wconf 86' lang='grc' dir='ltr'><strong><em>Ευρι-</em></strong></span> 
     </span>
     <span class='ocr_line' id='line_1_33' title="bbox 297 2469 1889 2538; baseline 0.003 -18"><span class='ocrx_word' id='word_1_227' title='bbox 297 2473 443 2534; x_wconf 85' lang='grc' dir='ltr'><strong><em>πίδης</em></strong></span> <span class='ocrx_word' id='word_1_228' title='bbox 467 2469 571 2532; x_wconf 81' lang='grc' dir='ltr'><strong><em>οἷος</em></strong></span> <span class='ocrx_word' id='word_1_229' title='bbox 597 2472 814 2522; x_wconf 81' lang='grc' dir='ltr'><strong><em>ἐνταῦθα</em></strong></span> <span class='ocrx_word' id='word_1_230' title='bbox 839 2475 1038 2532; x_wconf 78' lang='grc' dir='ltr'><strong><em>παίζων.</em></strong></span> <span class='ocrx_word' id='word_1_231' title='bbox 1089 2481 1185 2538; x_wconf 76' lang='lat' dir='ltr'>ipsa</span> <span class='ocrx_word' id='word_1_232' title='bbox 1220 2478 1350 2523; x_wconf 81' lang='lat' dir='ltr'>veiha</span> <span class='ocrx_word' id='word_1_233' title='bbox 1376 2478 1611 2538; x_wconf 72' lang='lat' dir='ltr'>Euripiden</span> <span class='ocrx_word' id='word_1_234' title='bbox 1647 2480 1889 2524; x_wconf 78' lang='lat' dir='ltr'>restituere</span> 
     </span>
     <span class='ocr_line' id='line_1_34' title="bbox 298 2546 1888 2608; baseline 0.001 -16"><span class='ocrx_word' id='word_1_235' title='bbox 298 2562 387 2592; x_wconf 88' lang='lat' dir='ltr'><strong><em>non</em></strong></span> <span class='ocrx_word' id='word_1_236' title='bbox 421 2548 540 2594; x_wconf 86' lang='lat' dir='ltr'>licet.</span> <span class='ocrx_word' id='word_1_237' title='bbox 593 2563 675 2608; x_wconf 89' lang='lat' dir='ltr'><strong><em>pro</em></strong></span> <span class='ocrx_word' id='word_1_238' title='bbox 709 2546 952 2608; x_wconf 89' lang='grc' dir='ltr'><strong><em>Ταρτησία</em></strong></span> <span class='ocrx_word' id='word_1_239' title='bbox 988 2548 1070 2606; x_wconf 86' lang='lat' dir='ltr'><strong>(vs.</strong></span> <span class='ocrx_word' id='word_1_240' title='bbox 1096 2549 1216 2605; x_wconf 81' lang='lat'>475)</span> <span class='ocrx_word' id='word_1_241' title='bbox 1251 2549 1445 2593; x_wconf 79' lang='lat' dir='ltr'>sortasse</span> <span class='ocrx_word' id='word_1_242' title='bbox 1479 2549 1584 2594; x_wconf 86' lang='lat' dir='ltr'>Eur.</span> <span class='ocrx_word' id='word_1_243' title='bbox 1611 2549 1720 2593; x_wconf 81' lang='lat' dir='ltr'>dixit</span> <span class='ocrx_word' id='word_1_244' title='bbox 1748 2549 1888 2593; x_wconf 89' lang='grc' dir='ltr'><strong><em>Τιτα-</em></strong></span> 
     </span>
     <span class='ocr_line' id='line_1_35' title="bbox 298 2611 1887 2679; baseline 0.003 -19"><span class='ocrx_word' id='word_1_245' title='bbox 298 2614 451 2675; x_wconf 85' lang='grc' dir='ltr'><strong><em>ρησιά.</em></strong></span> <span class='ocrx_word' id='word_1_246' title='bbox 508 2611 777 2674; x_wconf 79' lang='grc' dir='ltr'><strong><em>Τιθράσιαι</em></strong></span> <span class='ocrx_word' id='word_1_247' title='bbox 812 2618 893 2676; x_wconf 89' lang='lat' dir='ltr'>(vs.</span> <span class='ocrx_word' id='word_1_248' title='bbox 919 2617 1037 2678; x_wconf 78' lang='lat'>477)</span> <span class='ocrx_word' id='word_1_249' title='bbox 1074 2618 1369 2663; x_wconf 79' lang='lat' dir='ltr'>substitutum</span> <span class='ocrx_word' id='word_1_250' title='bbox 1405 2632 1503 2663; x_wconf 84' lang='lat' dir='ltr'>esse</span> <span class='ocrx_word' id='word_1_251' title='bbox 1537 2633 1621 2678; x_wconf 91' lang='lat' dir='ltr'><strong><em>pro</em></strong></span> <span class='ocrx_word' id='word_1_252' title='bbox 1647 2617 1887 2679; x_wconf 74' lang='lat' dir='ltr'>Euripiden</span> 
     </span>
     <span class='ocr_line' id='line_1_36' title="bbox 299 2684 1131 2748; baseline 0.004 -16"><span class='ocrx_word' id='word_1_253' title='bbox 299 2684 598 2748; x_wconf 86' lang='grc' dir='ltr'><strong><em>Λιβυστικαί</em></strong></span> <span class='ocrx_word' id='word_1_254' title='bbox 619 2689 810 2734; x_wconf 83' lang='lat' dir='ltr'>coniecit</span> <span class='ocrx_word' id='word_1_255' title='bbox 836 2688 1131 2736; x_wconf 71' lang='lat' dir='ltr'>HermannUS.</span> 
     </span>
    </p>
   </div>
   <div class='ocr_carea' id='block_1_3' title="bbox 1043 2794 1146 2846">
    <p class='ocr_par' dir='ltr' id='par_1_3' title="bbox 1043 2794 1146 2846">
     <span class='ocr_line' id='line_1_37' title="bbox 1043 2794 1146 2846; baseline 0 0"><span class='ocrx_word' id='word_1_256' title='bbox 1043 2794 1146 2846; x_wconf 79' lang='lat'><strong><em>388</em></strong></span> 
     </span>
    </p>
   </div>
   <div class='ocr_carea' id='block_1_4' title="bbox 465 2865 1614 2943">
    <p class='ocr_par' dir='ltr' id='par_1_4' title="bbox 465 2865 1614 2943">
     <span class='ocr_line' id='line_1_38' title="bbox 465 2865 1614 2943; baseline -0.001 -17"><span class='ocrx_word' id='word_1_257' title='bbox 465 2870 606 2943; x_wconf 78' lang='grc' dir='ltr'><strong><em>κάρα</em></strong></span> <span class='ocrx_word' id='word_1_258' title='bbox 636 2880 693 2927; x_wconf 83' lang='grc' dir='ltr'><strong><em>’τε</em></strong></span> <span class='ocrx_word' id='word_1_259' title='bbox 723 2868 827 2942; x_wconf 76' lang='grc' dir='ltr'><strong><em>γάρ</em></strong></span> <span class='ocrx_word' id='word_1_260' title='bbox 860 2889 960 2926; x_wconf 88' lang='grc' dir='ltr'><strong><em>σου</em></strong></span> <span class='ocrx_word' id='word_1_261' title='bbox 992 2872 1203 2942; x_wconf 78' lang='grc' dir='ltr'><strong><em>συγχέω</em></strong></span> <span class='ocrx_word' id='word_1_262' title='bbox 1234 2867 1426 2942; x_wconf 85' lang='grc' dir='ltr'><strong><em>κόμαις</em></strong></span> <span class='ocrx_word' id='word_1_263' title='bbox 1455 2865 1614 2943; x_wconf 81' lang='grc' dir='ltr'><strong><em>ὁμοῦ,</em></strong></span> 
     </span>
    </p>
   </div>
   <div class='ocr_carea' id='block_1_5' title="bbox 2011 0 2077 3139">
    <p class='ocr_par' dir='ltr' id='par_1_5' title="bbox 2011 0 2077 3139">
     <span class='ocr_line' id='line_1_39' title="bbox 2011 0 2077 3139; baseline 0 0"><span class='ocrx_word' id='word_1_264' title='bbox 2011 0 2077 3139; x_wconf 95' lang='lat' dir='ltr'><strong><em> </em></strong></span> 
     </span>
    </p>
   </div>
  </div>
 </body>
</html>
