2077 3139
327 146 431 200 212
997 146 1252 190 ΦΑΕΘΩΝ

499 289 643 347 κοέτω
679 288 856 362 ὃιήσει

497 381 569 432 ἵει
603 371 653 430 δ’
689 372 779 446 ἐφ’
816 372 950 430 ἑπτὰ
981 372 1277 430 Πλειάδων
1307 380 1446 445 ἔχων
1478 372 1697 446 δρόμον.

495 456 717 515 τοσαῦτ’
750 458 988 523 ἀκούσας
1022 454 1124 513 εἶτ’
1160 464 1403 529 ἔμαρψεν
1432 457 1618 529 ἡνίας·
1893 470 1921 512 5

497 541 734 612 κρούσας
768 543 825 598 δὲ
857 540 1069 613 πλευρὰ
1099 540 1455 612 πτεροφόρων
1485 538 1775 613 ὀχημάτων

497 629 759 698 μεθῆκεν,
791 633 850 682 αἳ
880 624 930 681 δ’
969 622 1190 681 ἕπταντ’
1225 623 1309 681 ἐπ’
1347 628 1568 696 αἰθέρος
1600 622 1822 696 πτυχιὲς.

498 709 676 782 πατὴρ
708 707 763 766 δ’
798 709 999 766 ὄπισθε
1028 712 1175 766 νῶτα
1206 716 1454 779 σειραίου
1486 707 1663 780 βεβώς

497 800 696 850 ἵππευε
725 799 897 850 παῖδα
927 795 1236 850 νουθετῶν·
1271 791 1431 850 ἐκεῖσ’
1469 800 1592 864 ἔλα,

497 882 632 951 τῇδε
661 876 851 951 στρέφ’
888 875 1051 950 ἆρμα,
1082 880 1231 949 τῇδε.
1872 890 1926 932 10

433 975 665 1050 Longinus
691 976 745 1021 de
772 976 951 1022 sublim.
982 989 1018 1020 c.
1050 975 1130 1031 15,
1157 974 1189 1018 4
1225 976 1278 1020 de
1304 975 1534 1055 Euripide:
1570 965 1748 1032 ἥκιστά
1773 967 1828 1034 γέ
1853 986 1927 1017 τοι

332 1034 646 1107 μεγαλοφυης
685 1036 754 1090 ὧν
787 1037 916 1104 ὅμως
951 1059 1041 1102 την
1075 1034 1222 1098 αὐτὸς
1257 1037 1412 1088 αὑτοῦ
1453 1036 1604 1101 φύσιν
1641 1039 1694 1087 έν
1729 1043 1926 1096 πολλοῖς

331 1112 562 1177 γενέσθαι
592 1105 833 1192 τραγικὴν
868 1106 1242 1196 προσηνάγκασε
1279 1139 1359 1158 -.
1413 1110 1481 1177 τῷ
1514 1112 1638 1174 γοῦν
1675 1109 1926 1157 Φαέθοντι

332 1176 633 1247 παραδιδοὺς
675 1202 758 1241 τας
805 1173 950 1244 ἡνίας
993 1176 1017 1229 ὅ
1056 1173 1233 1238 ’ςΗλιο
1287 1179 1399 1228 ἔλα
1443 1162 1494 1228 δὲ
1526 1210 1596 1216 -
1630 1179 1798 1227 ὁίεισι’
1843 1180 1924 1245 (v.s

337 1259 434 1301 1-
373 1255 493 1334 —3)
534 1252 711 1338 φΜησίν,
751 1247 850 1301 εἶθ’
892 1250 1050 1335 ἓξζῖς
1066 1251 1130 1298 ἵει
1171 1280 1228 1286 -
1259 1245 1388 1314 ἅρμα
1424 1249 1566 1317 τῇὸε’
1606 1252 1684 1311 (vs.
1721 1253 1817 1298 4—
1829 1253 1924 1310 10).

332 1342 395 1388 ag,
441 1318 532 1370 οὐκ
557 1342 618 1371 αν
655 1322 813 1382 εἴποις
837 1319 912 1370 ὅτι
938 1316 969 1384 ἡ
1003 1332 1137 1385 ψυχη
1164 1321 1249 1368 τοῦ
1282 1319 1557 1406 γραφοντος
1591 1334 1761 1368 συνεπ·
1768 1319 1929 1382 βαίνει

334 1395 419 1441 τοῦ
454 1387 667 1456 ἅρματος
692 1392 774 1440 καὶ
813 1388 1266 1456 συγκινδυνεύουσα
1293 1395 1391 1448 τοῖς
1427 1390 1596 1448 ἵπποις
1631 1405 1831 1438 συνεπτε
1813 1388 1927 1452 ἐρω-

333 1482 438 1523 ται,
480 1482 540 1511 vs.
570 1467 597 1512 7
626 1461 811 1525 πτύχας
839 1467 935 1512 cod.

1089 1571 1192 1623 730

440 1662 591 1708 Schol.
621 1665 743 1707 Arat.
776 1661 898 1707 172:
926 1656 1159 1735 φέρονται
1184 1656 1242 1703 αἱ
1256 1650 1421 1713 Υιὶὁες
1448 1652 1499 1702 ἐν
1525 1657 1592 1721 τῷ
1617 1651 1819 1722 μετώπῳ
1845 1657 1931 1701 τοῦ

339 1727 550 1791 Ταύρου.
607 1729 766 1792 Θαλῆς
801 1726 889 1790 μὲν
915 1725 1004 1774 οὖν
1030 1724 1077 1790 β’
1101 1720 1251 1784 αὐτας
1287 1722 1420 1774 εἶπεν
1447 1720 1572 1772 εἶναι
1602 1754 1655 1760 --
1668 1705 1929 1783 ,Εὐριπί-

338 1801 425 1861 ὸης
463 1797 513 1848 δὲ
551 1797 602 1846 έν
638 1800 706 1865 τῷ
746 1797 1001 1847 Φαέθοντι
1036 1817 1094 1862 y,
1135 1791 1324 1860 Ἀχαιὸς
1361 1795 1412 1845 δὲ
1450 1793 1508 1856 δ’,
1538 1788 1726 1853 Ιππιάς
1761 1792 1814 1844 δὲ
1847 1792 1930 1842 καὶ

344 1872 468 1935 Φερε
474 1867 624 1930 κυὸης
651 1871 704 1928 ζ.

1093 1963 1190 2015 781

509 2053 681 2124 πυρός
713 2051 760 2108 τ’
792 2049 1003 2124 Ἐρινύς
1037 2056 1095 2109 ἐν
1126 2065 1339 2124 νεκροῖς
1369 2061 1642 2122 θερηνυαι

511 2135 635 2206 ζῶσ’
670 2134 757 2208 ἥδ’
795 2134 979 2207 ἆνίησ’
1014 2136 1186 2206 ἀτμὸν
1219 2139 1433 2207 ἐμφανῆ
1483 2181 1493 2192 .
1543 2178 1553 2188 .

511 2220 833 2293 ἀπωλόμην·
869 2218 971 2275 οὐκ
1002 2217 1167 2276 οἴσετ’
1205 2225 1280 2284 εἰς
1316 2219 1515 2290 δόμους
1546 2220 1739 2287 νέκυν;

511 2320 682 2373 νοεῖς;
731 2303 886 2369 πόσις
917 2327 1008 2375 μοι
1039 2310 1272 2375 πλησίον
1302 2310 1601 2374 γαμηλίους

513 2389 721 2461 μολπὰς
752 2385 911 2444 ἀυτεῖ
936 2391 1236 2458 παρθένοις
1266 2386 1584 2459 ἡγούμενος.
1907 2398 1937 2440 5

515 2471 577 2529 οὐ
610 2477 855 2539 θᾶσσον;
890 2470 955 2527 οὐ
987 2469 1296 2543 σταλαγμὸν
1331 2468 1658 2542 έξομόρξετε,

517 2565 571 2612 εἴ
595 2554 703 2611 πού
733 2580 810 2620 τις
845 2562 994 2611 ἔστιν
1024 2559 1246 2627 αἵματος
1278 2556 1443 2626 χαμαὶ
1477 2552 1683 2619 πεσώνς,

520 2635 750 2709 έπείγετ’
787 2639 889 2707 εἷα,
923 2644 1182 2709 δμωίδες’
1225 2637 1418 2710 κρύψω
1452 2640 1517 2693 δέ
1541 2661 1632 2692 νιν

518 2731 753 2789 ξεστοῖσι
782 2721 1070 2793 θαλάμοις,
1102 2719 1227 2778 ἔνθ’
1263 2724 1373 2796 ἐμῷ
1403 2735 1572 2777 κεῖται
1603 2717 1758 2774 πόσει

519 2804 742 2878 χρυσός
778 2804 918 2877 μόνη
951 2806 1011 2860 δε
1042 2804 1242 2906 κλῇθρ’
1281 2803 1386 2875 ἐγώ
1418 2809 1793 2874 σφραγίζομαι.
1887 2818 1939 2858 10

521 2890 564 2946 ὠ
593 2890 948 2961 καλλιφεγγες
965 2886 1114 2945 “HM
1122 2934 1135 2960 ,
1169 2888 1240 2954 ω’ς
1270 2884 1330 2960 μ’
1362 2885 1646 2950 ἆπωλεσας
