2077 3139
676 140 872 183 FABVL
880 142 1044 183 ARVM
1063 140 1284 185 FRAGM.
1495 159 1497 162 ·
1670 137 1773 191 261

933 277 1036 330 920

360 373 523 425 ἔνδον
552 372 833 438 γυναικῶν
863 369 952 423 καὶ
985 363 1116 439 παρ’
1152 367 1382 432 οἰκέταις
1413 364 1586 436 λόγος.

298 465 501 512 Eust.11.
541 480 585 525 p.
624 464 944 521 566‚14de
981 478 1020 510 v,
1055 458 1265 521 οἰκέτης·
1300 458 1508 540 παράγει
1544 457 1596 508 δὲ
1630 452 1774 517 αὐτὸς

191 535 532 596 (Aristophanes
559 533 894 594 grammaticus)
920 528 1003 577 καὶ
1038 531 1304 593 παροιμίαν
1330 528 1376 590 ἐξ
1401 525 1676 594 Εὐριπίδου
1701 529 1774 578 λέ-

190 616 374 666 γουσαν
399 600 571 650 εε’νδον
598 595 778 663 λόγος’.

932 721 1033 775 921

774 809 838 869 οὐ
869 811 972 883 γὰρ
1003 809 1244 884 ἀσφαλὲς
1311 802 1314 806 ’

358 899 658 967 περαιτέρω
690 895 748 952 τὸ
779 894 974 961 κάλλος
1004 891 1037 966 ἢ
1068 898 1236 967 μέσον
1266 901 1473 967 λαβεῖν.

295 994 488 1040 Galenus
513 994 599 1039 vol.
634 995 656 1038 1
695 1009 738 1053 p.
767 993 830 1040 16
866 992 970 1051 (vol.
1003 994 1027 1038 1
1070 1009 1109 1053 p.
1140 994 1169 1039 3
1205 994 1274 1039 ed.
1303 992 1462 1051 Basil„
1498 994 1585 1039 vol.
1615 993 1644 1038 2
1671 1008 1715 1052 p.
1744 992 1774 1040 8

191 1064 382 1123 Chart.:)
409 1060 476 1128 τῷ
503 1054 629 1128 γήρα
661 1059 995 1118 λοιδοροῦνται
1023 1058 1070 1106 δέ
1054 1077 1131 1106 ov
1158 1057 1367 1118 ἕαυτοῑς,
1402 1059 1485 1108 καὶ
1511 1058 1598 1107 τὸν
1624 1054 1773 1117 Ευρι-

191 1130 341 1194 πίδην
368 1113 622 1179 ε’πάινοῦσι
648 1128 900 1193 λέγοντα*
914 1126 972 1176 οὐ
997 1124 1090 1192 γὰρ
1116 1122 1328 1191 ασφαλὲς
1353 1124 1479 1178 εἶναι
1512 1128 1776 1194 περαιτέρω

195 1229 258 1237 -
289 1202 502 1264 λαβεῖν’.

936 1294 1038 1347 922

357 1394 520 1456 οἴμοι,
555 1383 774 1454 δράκων
804 1407 909 1453 μου
939 1389 1182 1454 γίγνεται
1213 1384 1272 1440 τὸ
1307 1383 1500 1456 ἥμισυ·

360 1470 574 1538 τέκνον,
606 1465 977 1538 περιπλάκηθι
1008 1470 1083 1541 τῷ
1114 1471 1286 1543 λοιπῷ
1315 1474 1496 1539 πατρί.

296 1565 506 1624 Hermog.
533 1566 578 1609 in
605 1565 727 1609 Rhet.
768 1565 855 1610 vol.
884 1565 912 1609 3
949 1579 992 1625 p.
1024 1566 1143 1611 180:
1182 1561 1377 1658 γίνεται,
1403 1561 1453 1610 δὲ
1478 1556 1532 1610 τὸ
1568 1557 1775 1622 κακόζη·

193 1635 276 1680 λον
302 1650 425 1678 κατα
448 1626 501 1679 τὸ
528 1625 710 1687 εὐτελὲς
736 1628 968 1687 πολλάκις
982 1666 993 1686 ,
1025 1627 1089 1688 ὡς
1116 1629 1269 1679 ἐκεῖνο
1305 1631 1465 1693 “οἴμοι
1490 1661 1558 1667 —-
1582 1626 1774 1693 ἥμισυῆ

192 1719 293 1750 mox
320 1704 504 1750 ibidem:
542 1696 601 1748 τὰ
637 1693 840 1757 ευτελῶς
876 1699 1101 1786 εἰρημένα
1134 1696 1165 1762 ἡ
1200 1697 1432 1764 σεμνότης
1470 1700 1774 1779 διορθοῦται,

194 1791 255 1829 ως
287 1788 419 1828 παρα
452 1773 520 1833 τῷ
556 1763 861 1851 Ευριπίδῃ
875 1770 1007 1832 οἴμοι
1032 1800 1100 1807 —
1126 1767 1312 1834 ἥμισυῆ
1372 1772 1512 1820 τοῦτο
1546 1789 1639 1856 γαρ
1675 1788 1775 1818 κοι-

193 1859 291 1898 νως
317 1838 400 1887 καὶ
427 1832 628 1898 ευτελιός
654 1834 805 1887 εἰπών
832 1837 1129 1899 ἐθεράπευσε
1155 1843 1213 1907 τῇ
1240 1840 1451 1908 ἐπιφορᾷ
1483 1840 1683 1889 ετέκνον
1712 1870 1774 1876 -

193 1910 367 1969 πατρί’
451 1929 513 1958 vs.
557 1914 583 1958 1
620 1906 674 1957 τό
714 1928 743 1974 γ
798 1902 949 1972 ἥμισυ
986 1916 1235 1965 BarnesiuS,
1280 1916 1426 1960 malim
1470 1906 1568 1959 τόδ’
1612 1905 1774 1973 ήμισυ.

194 1985 341 2030 locum
382 1997 405 2028 e
446 1983 605 2028 Cadmo
643 1987 832 2043 petitum
869 1998 968 2029 esse
1008 1986 1198 2030 coniecit
1233 1985 1562 2030 Valckenarius.
1617 1984 1777 2029 salsum

195 2054 368 2099 videtur
394 2054 513 2130 quod
541 2053 673 2098 tradit
701 2053 849 2098 Schol.
879 2054 1088 2114 Hermog.
1119 2055 1244 2100 Rhet.
1272 2056 1357 2100 vol.
1388 2056 1414 2099 7
1443 2070 1488 2115 p.
1517 2054 1639 2101 853·
1666 2048 1776 2112 περὶ

195 2118 445 2182 Κέκροπος
481 2113 505 2166 ὃ
534 2113 670 2181 λόγος
704 2118 771 2176 εἰς
805 2090 1070 2180 δράκονταΟ
1083 2120 1518 2183 μεταβαλλομένου.
1569 2131 1612 2169 et
1649 2124 1777 2169 ibim:

195 2202 341 2236 ασυνε
345 2189 424 2236 σία
457 2184 548 2252 γάρ
583 2207 654 2246 τις
687 2181 740 2236 τὸ
776 2187 931 2253 λέγειν
964 2184 1049 2238 τὸν
1084 2189 1312 2254 Κέκροπα
1347 2186 1420 2240 ότι
1456 2185 1650 2255 δράκων
1684 2206 1779 2251 μου

194 2257 361 2323 γέγονε
382 2253 434 2306 τὸ
460 2255 623 2321 ἥμισυ.

940 2355 1044 2408 923

863 2450 1092 2509 λωτίνας
1122 2443 1360 2516 ἀηδόνας

301 2541 514 2602 Hesycha
540 2529 752 2613 ἀηδόνα·
776 2538 1032 2600 γλωσσίδα,
1057 2532 1676 2600 μεταφορικῶςΕυριπίδης
1698 2536 1780 2586 Οἰ-

197 2606 374 2655 δίποδι.
423 2606 506 2653 καὶ
540 2603 653 2664 τούς
688 2598 866 2665 αυλους
902 2606 953 2656 δὲ
987 2608 1216 2666 ελωτίνας
1250 2603 1488 2671 αηδόνας’
1526 2626 1620 2656 που
1665 2607 1778 2669 ε’.φη

198 2681 410 2740 Hesyach
446 2677 648 2734 λωτίνας
680 2668 917 2737 αηδόνας
964 2673 1076 2735 τούς
1110 2672 1306 2736 αυλούς.
1369 2683 1531 2728 Anecd.
1570 2681 1695 2726 Bekk.
1732 2696 1775 2740 p.

198 2749 317 2808 349,
342 2749 397 2796 3.
406 2739 636 2825 άηδόνα·
665 2745 762 2794 ἔστι
788 2745 878 2807 μὲν
904 2739 935 2807 ἡ
963 2742 1115 2809 όρνις,
1143 2747 1195 2795 ἐκ
1220 2750 1494 2810 μεταφοράς
1520 2746 1568 2795 δὲ
1594 2748 1646 2794 οί
1665 2756 1778 2807 τρά-

196 2814 326 2877 γικοὶ
359 2833 452 2897 την
493 2815 733 2896 γλωσσίδα
775 2835 872 2864 των
914 2818 1044 2899 βοῶν
1081 2817 1205 2882 (τῶν
1248 2811 1410 2866 αυλῶν
1445 2818 1778 2881 Ruhnkenius)‚

198 2883 300 2932 ἔστι
327 2881 429 2934 δὲ’
403 2903 526 2934 οπου
550 2884 632 2934 καὶ
658 2879 742 2934 τόν
766 2881 933 2936 αὐλόν.
983 2905 1015 2947 η
1042 2887 1164 2947 λέξις
1193 2885 1430 2951 Διδύμου.
