2077 3139
800 118 1089 161 ΒΟΤΣΙΡΙΣ
1655 113 1717 164 77

875 253 977 305 313

306 333 438 413 ἦσθ’
477 348 551 409 εἰς
579 340 746 406 θεοὺς
776 341 877 412 μὲν
909 338 1155 412 εὐσεβής,
1187 339 1264 397 ὅτ’
1301 331 1457 411 ἦσθ’,
1489 336 1572 396 ciel

303 431 475 494 ξένοις
505 424 545 481 τ’
580 425 831 496 ἐπήρκεις
862 423 985 481 οὐδ’
1023 433 1250 497 ἕκαμνες
1283 431 1357 491 εἰς
1387 431 1597 495 φίλους.

239 524 390 569 Aelian
418 523 466 568 N.
492 526 541 566 A.
571 523 619 580 5,
645 522 735 568 34.
771 515 994 566 τοιοῦτόν
1020 537 1129 567 τινα
1163 516 1244 565 καὶ
1270 510 1355 565 τὸν
1383 521 1528 566 Beue
1511 511 1719 577 epoqw'v-

136 607 222 673 την
257 585 479 671 ἡρωικῶς
513 587 595 636 καὶ
633 585 985 652 μεγαλοψύχως
1023 588 1090 646 εἰς
1124 584 1346 636 θάνατον
1363 600 1720 671 παρεσκευασ-

135 659 281 719 μείον
305 653 331 706 ὁ
357 652 632 722 Εὐριπίδης
655 655 828 723 ὑμνεῖ·
865 675 923 705 πε
905 659 1099 719 ποίηκε
1124 659 1247 722 γοῦν
1280 650 1402 721 πρὸς
1427 652 1518 718 τήν
1545 655 1720 704 ἑαυτοῦ

134 722 300 791 ψυχὴν
336 727 535 793 λέγοντα
568 724 719 776 αὐτόν
754 722 899 791 εἧσθ’
933 757 996 763 -
1038 729 1235 790 φίλους’
1272 727 1355 775 καὶ
1392 743 1454 775 τα
1492 725 1568 774 ἐπὶ
1609 722 1718 774 τού·

134 815 248 857 τοις.

873 866 978 918 314

299 951 397 1027 ὑφ’
435 952 619 1027 ἅρματ’
658 954 839 1011 ἐλθών
869 953 1043 1026 Ζηνὸς
1075 951 1500 1026 ἀστραπηφορεῖ.

237 1053 309 1096 Ar.
335 1053 435 1097 Peme
467 1052 590 1097 722:
620 1052 740 1097 EPM.
771 1042 859 1096 οὐκ
887 1040 1080 1107 ἐνθάδ’,
1120 1042 1159 1098 ὦ
1186 1051 1315 1127 τᾶν,
1323 1048 1421 1096 ἔστι
1450 1050 1528 1129 (sc.
1553 1040 1578 1094 6
1604 1042 1718 1094 κάν·

134 1121 320 1180 θαρος).
381 1132 552 1172 ΤΡΊΓ
592 1123 681 1166 ποῖ
708 1114 799 1183 γὰρ
828 1118 1033 1181 οἷχεται;
1078 1122 1199 1167 ΕΡΜ.
1235 1110 1315 1180 ’ὑφ
1345 1112 1513 1182 ἅρματ’
1552 1111 1718 1166 ἐλθών

135 1182 292 1267 Ζηνὸς
316 1191 697 1248 αστραπηφορεῖ.
745 1193 819 1237 ubi
847 1192 991 1237 Schol.
1014 1193 1146 1237 Ven.:
1174 1181 1198 1236 ὁ
1226 1190 1382 1251 στίχος
1410 1187 1460 1235 ἐκ
1487 1191 1712 1251 Βελλερο·

135 1256 322 1319 φόντου
347 1254 645 1320 Εὐριπίδου.

535 1410 881 1452 ΒΟΤΣΙΡΙΣ
912 1412 1322 1453 ΣΑΤΤΡΙΚΟΣ

237 1499 293 1543 De
319 1507 584 1558 argumento
611 1498 1193 1559 ef.Apollod.2,5,11:
1230 1493 1368 1543 ἐννέα
1395 1525 1457 1531 -
1488 1495 1569 1557 ἔτη
1595 1490 1717 1556 ἀφο-

134 1565 214 1626 ρία
238 1559 327 1627 τὴν
353 1564 614 1628 Αἴγυπτον
641 1564 890 1628 κατέλαβε,
923 1562 1139 1649 Φράσιος
1166 1563 1216 1614 δὲ
1243 1559 1405 1613 ἐλθών
1436 1564 1488 1614 ἐκ
1514 1562 1720 1650 Κύπρου

132 1653 303 1696 μαντις
336 1630 425 1697 τὴν
462 1631 732 1697 ἐπιστήμην
769 1634 864 1697 ἔφη
898 1633 988 1697 τὴν
1027 1636 1242 1697 α’φορίαν
1286 1631 1590 1695 παύσεσθαι,
1636 1628 1719 1683 ἐαν

131 1702 270 1763 ξένον
294 1698 450 1768 ανδρα
487 1708 555 1771 τῷ
584 1704 667 1752 Διὶ
701 1702 915 1766 σφάξωσι
951 1700 1056 1752 κατ’
1098 1704 1214 1763 ἔτος.
1266 1703 1499 1767 Βούσιρις
1526 1704 1623 1754 δὲ’
1601 1709 1720 1754 εκεῖ-

132 1791 220 1821 νον
268 1775 459 1836 πρῶτον
511 1756 695 1835 σφαξας
741 1771 823 1823 τὸν
866 1793 1042 1836 μαντιν
1086 1770 1197 1832 τούς
1249 1770 1502 1834 κατιόντας
1555 1774 1720 1834 ξένους

132 1843 320 1905 ἐἭσφαζε
347 1843 646 1906 συλληφθεὶς
665 1838 756 1894 οὖν
781 1844 865 1892 καὶ
886 1839 1128 1907 Ηρακλης
1152 1849 1250 1905 τοῖς
1274 1847 1497 1909 βωμοῖς
1484 1844 1719 1931 προσεφέ-

134 1932 268 1977 ρετο,
305 1933 363 1961 τα
389 1915 439 1964 δὲ
467 1908 615 1977 δεσμα
643 1914 906 1978 διαρρήξας
930 1912 1015 1962 τόν
1039 1934 1088 1964 τε
1115 1913 1351 1976 Βούσιριν
1378 1916 1458 1964 καὶ
1487 1911 1571 1966 τὸν
1600 1914 1718 1964 ἐκεί-

133 2003 222 2033 νου
249 1984 402 2032 παῖδα
421 1976 795 2069 Ἀμφιδάμαντα
827 1979 1094 2035 απέκτεινε
1145 1990 1222 2034 Dio
1250 1990 1404 2036 Chrv.s
1433 1991 1482 2049 8,
1511 1990 1598 2038 32:
1636 1978 1720 2034 τὸν

135 2052 186 2102 δὲ
212 2051 447 2119 Βούσιριν
481 2051 637 2114 εὑρὼν
670 2075 802 2104 πανυ
839 2054 1070 2116 ἐπιμελῶς
1095 2049 1349 2104 αθλουντα
1375 2057 1458 2104 καὶ
1499 2051 1565 2106 δι
1604 2050 1720 2118 όλης

132 2117 316 2187 ἡμέρας
350 2122 578 2173 ἐσθίοντα
612 2125 693 2173 καὶ
731 2126 1010 2190 φρονοῦντα
1044 2127 1267 2190 μέγιστον
1302 2125 1378 2174 ἐπὶ
1415 2124 1570 2194 πάλῃ,
1600 2125 1720 2191 διέρ-

133 2196 276 2256 ρηξεν
310 2192 388 2242 ἐπὶ
421 2188 511 2257 τὴν
544 2197 640 2258 γῆν
676 2192 985 2260 καταβαλων.
1047 2200 1195 2245 Schol.
1233 2202 1316 2260 Ap.
1354 2201 1517 2259 ΒΙι.4,
1558 2201 1717 2247 1396:

134 2259 368 2326 Βούσιριν
392 2263 477 2314 τὸν
500 2265 813 2324 Ποσειδῶνος
839 2285 915 2313 xre
902 2283 967 2312 ιι
971 2283 1013 2313 ει
1040 2265 1121 2314 καὶ
1145 2263 1232 2313 τὸν
1256 2266 1406 2313 παῖδα
1431 2261 1583 2315 αὐτοῦ
1603 2263 1719 2327 Ιφι·

134 2330 353 2396 δαμαντα
388 2333 470 2382 καὶ
505 2333 590 2384 τὸν
625 2331 818 2398 κήρυκα
843 2334 1050 2398 Xoe'lssqu
1084 2335 1167 2383 καὶ
1203 2330 1315 2396 τοὺς
1349 2333 1565 2394 ὀπαονας
1600 2332 1719 2400 πρὸς

132 2405 202 2464 τῷ
236 2404 390 2471 βωμῷ
425 2406 512 2452 τοῦ
542 2401 686 2464 Διός,
731 2405 856 2454 ἔνθα
893 2403 1246 2465 ἐξενοκτόνουν.
1307 2413 1542 2470 satyricam
1579 2411 1717 2456 fuisse

134 2477 324 2523 sabulum
351 2479 479 2524 docet
506 2478 725 2524 DiomediS
751 2479 877 2525 locus
904 2494 1038 2540 supra
1066 2495 1107 2540 p.
1138 2480 1203 2526 66
1232 2480 1407 2525 allatus.

872 2601 975 2652 315

302 2693 479 2763 δουλςο
511 2687 612 2759 γὰρ
644 2685 742 2761 οὐχ
772 2686 891 2745 οἷόν
919 2713 977 2745 τε
1007 2688 1223 2762 τάληθῆ
1255 2694 1452 2761 λέγειν,

303 2778 352 2826 εἰ
381 2771 697 2830 δεσπόταισι
727 2772 798 2844 μή
832 2775 1108 2844 πρέποντα
1137 2774 1409 2847 τυγχάνοι.

238 2867 361 2915 Stob.
389 2868 508 2915 F10r.
540 2870 621 2929 62,
649 2870 729 2917 21.
