2077 3139
349 128 456 183 270
954 132 1350 177 mcER'rARvu

455 274 568 320 Plut.
597 275 706 322 Mor.
737 291 779 337 p.
809 276 908 323 379
930 278 984 322 D:
1009 267 1244 335 Έλληνες
1268 270 1356 353 μὲν
1380 293 1473 338 γαρ
1500 273 1553 323 ἔν
1577 293 1630 340 γε
1655 271 1845 335 τούτοις
1870 275 1943 326 λέ-

348 354 524 419 γουσιν
549 333 715 406 ὀρθῶς
741 341 824 390 καὶ
851 343 1152 424 νομίζουσιν,
1189 336 1323 407 ιερὸν
1344 335 1634 427 Ἀφροδίτης
1660 346 1793 426 ζῷον
1813 343 1941 396 εἶναι

349 403 440 472 τὴν
464 408 753 475 περιστεράν
786 411 870 460 καὶ
896 406 982 461 τὸν
1008 409 1252 492 δράκοντα
1278 415 1362 476 τῆς
1391 408 1610 477 Ἀθηνᾶς
1635 414 1718 463 καὶ
1743 409 1829 464 τὸν
1855 414 1939 465 κό·

348 499 474 543 ρακα
511 483 598 530 τοῦ
627 476 965 546 Ἀπόλλωνος,
1009 481 1091 530 καὶ
1126 475 1210 532 τὸν
1254 480 1382 531 κύνα
1420 485 1505 546 τῆς
1533 479 1836 549 Ἀρτέμιδος,
1876 483 1940 546 ὡς

341 546 608 613 Εὐριπίδης
646 549 873 615 εἙκάτης
899 582 962 589 -
993 551 1117 601 ἔσει’
1186 558 1332 603 locum
1372 561 1536 618 repetit
1561 560 1790 635 Aristoph.
1818 560 1938 606 Com.

349 624 378 669 2
415 640 460 685 p.
492 625 621 672 1195
650 640 720 687 ap.
749 628 871 672 Eust.
901 627 978 672 Od.
1014 641 1057 687 p.
1090 592 1248 677 1467
1278 628 1364 673 37:
1401 623 1484 671 καὶ
1510 621 1645 674 κύων
1670 617 1941 689 ἀκράχολος

341 684 545 755 Εκοῖτης
570 687 763 756 ἄγαλμα
789 690 1059 778 φωσφόρου
1083 689 1363 757 γενήσομαι.
1401 698 1457 744 cs.
1488 699 1676 759 Hesych.
1705 714 1770 744 vv.
1797 692 1942 760 ἄγαλ·

346 780 413 826 μα
429 756 638 825 Εκοῖτης
664 775 707 812 et
728 757 933 826 Εκατης
958 759 1167 827 ἄγαλμα.

1093 901 1196 954 960

515 1015 583 1048 ου
615 989 882 1063 βούλομαι
912 995 1240 1048 πλουτοῦντι
1273 997 1573 1063 δωρεῖσθαι
1605 994 1792 1064 πένης,

515 1074 589 1147 μή
620 1072 669 1146 μ’
703 1073 919 1148 α’φρονα
951 1083 1141 1149 κρίνῃς
1172 1072 1206 1146 ἢ
1239 1075 1427 1142 διδοὺς
1459 1083 1635 1133 αἰτειν
1666 1080 1825 1133 δοκῶ.
1837 1076 1842 1080 ’

449 1173 565 1218 Plut.
593 1173 702 1219 Mor.
740 1189 784 1234 p.
824 1174 924 1221 384
946 1176 999 1220 D:
1035 1168 1283 1232 στιχιδίοις
1319 1169 1444 1218 τισὶν
1480 1166 1538 1218 οὐ
1573 1167 1771 1232 φαύλως
1806 1169 1942 1250 ἔχου·

347 1253 445 1301 σιν,
475 1238 512 1288 ὠ
536 1240 647 1301 φίλε
672 1243 957 1302 Σαραπίων,
986 1238 1210 1304 ἐνέτυχον
1236 1237 1432 1308 πρῴην,
1457 1234 1491 1288 δι’
1519 1240 1819 1304 Δικαίαρχος
1846 1233 1940 1290 Εὖ·

348 1309 545 1373 ριπίδην
571 1309 725 1358 οἴεται
752 1308 872 1372 πρὸς
892 1304 1152 1374 Ἀρχέλαον
1179 1311 1357 1359 εἰπεῖν.
1388 1313 1474 1359 ‘ov’
1499 1306 1738 1376 βούλομαι
1761 1339 1834 1349 —
1859 1310 1938 1359 δο-

349 1381 452 1428 κῶ’
522 1392 682 1443 poetae
717 1399 879 1430 nomen
916 1386 1085 1431 omittit
1119 1384 1493 1443 Co1np.w1en.et
1526 1384 1710 1430 philem.
1748 1400 1790 1444 p.
1820 1384 1939 1442 358,

346 1453 423 1499 ubi
458 1456 568 1500 haec
602 1462 772 1499 extant:
817 1448 1104 1514 αἰσχύνομαι
1146 1452 1437 1498 πλουτοῦντι
1483 1450 1747 1512 δωρεῖσθαι
1791 1451 1938 1518 φίλῳ,

347 1516 414 1582 μή
450 1513 505 1583 μ’
543 1517 742 1583 ἄφρονα
777 1522 921 1588 κρίνη
955 1520 1038 1570 καὶ
1075 1513 1240 1579 διδοὺς
1276 1521 1425 1569 αἰτῶν
1463 1521 1607 1571 δοκῶ,
1659 1525 1713 1569 cs.
1752 1523 1943 1584 Gregor.

347 1593 448 1640 Naz.
478 1593 563 1640 v.ol
596 1594 624 1639 2
653 1610 695 1654 p.
728 1595 827 1640 154
849 1595 900 1640 C:
929 1592 1055 1655 μισῶ
1079 1589 1261 1653 πένητα
1287 1591 1500 1658 πλουσίῳ
1529 1587 1855 1657 δωρούμενον.

1099 1729 1199 1782 961

512 1814 544 1875 ὃ
576 1817 627 1875 δ’
663 1817 785 1889 ἄρτι
816 1818 1045 1876 θάλλων
1077 1817 1252 1888 σάρκα
1286 1818 1537 1889 διοπετὴς
1568 1815 1716 1884 ὅπως

514 1901 685 1975 ἀστὴρ
718 1901 952 1975 ἀπέσβη7
984 1902 1176 1975 πνεῦμ’
1215 1900 1374 1975 ἀφεὶς
1408 1905 1460 1969 ἐς
1492 1904 1704 1974 αἰθέρα.

450 2000 563 2045 Plut.
591 2002 698 2046 Mor.
728 2016 772 2060 p.
800 2000 902 2048 416
926 2002 978 2047 E:
1013 2017 1058 2083 η,
1072 1996 1123 2046 δὲ
1159 1993 1304 2059 φύσις
1339 1991 1576 2057 αἰσθητας
1612 1990 1804 2054 εἰκόνας
1842 1992 1939 2055 §gg-

345 2070 474 2128 θηκε
508 2095 574 2103 ——
613 2086 676 2125 ως
710 2061 982 2130 Εὐριπίδης
1019 2067 1211 2115 είκασεν
1247 2066 1297 2114 ἐν
1333 2061 1407 2124 οἷς
1442 2061 1626 2115 slnsv‘
1640 2060 1666 2113 ὃ
1694 2057 1740 2112 δ
1769 2094 1838 2103 —
1863 2063 1917 2113 αί

345 2136 514 2195 θέρα’.
573 2140 691 2185 Plut.
726 2141 836 2186 Mor.
875 2157 917 2201 p.
951 2141 1158 2234 1090οἑ
1198 2130 1441 2199 σφαλερὸν
1475 2155 1565 2219 γαρ
1602 2130 1648 2213 ἡ
1672 2129 1747 2183 ἐπ’
1784 2129 1941 2195 α’κρον

345 2202 530 2266 ευεξιᾝα
566 2207 720 2268 φησὶν
750 2200 1093 2270 Ιπποκροὶτης·
1135 2201 1190 2255 (ὃ
1227 2201 1276 2254 δ
1303 2226 1414 2269 αρτι
1439 2236 1507 2243 -
1533 2198 1683 2268 ἆστὴρ
1713 2197 1941 2269 ἆπέσβη’
1982 2225 1990 2250 ι

347 2296 468 2325 κατα
493 2271 577 2325 τὸν
601 2270 902 2340 Ευριπίδην.
952 2296 1016 2327 vs.
1048 2283 1073 2327 1
1104 2276 1244 2339 σαρκὶ
1272 2297 1315 2341 p.
1349 2280 1495 2328 1090.

1096 2415 1198 2468 962

929 2502 1042 2562 ἄλλ’
1076 2503 1353 2571 ἀνοιστέος
1384 2503 1540 2576 λόγος

449 2603 563 2649 Plut.
592 2604 699 2649 Mor.
729 2618 771 2663 p.
799 2603 978 2650 431A:
1004 2590 1111 2647 ἀλλ’
1140 2595 1384 2657 ἀνοιστέος
1414 2592 1439 2646 ὁ
1467 2598 1625 2664 λόγος,
1654 2616 1716 2655 ως
1741 2588 1936 2656 οαῦτός

343 2688 471 2733 ανηρ
505 2671 657 2748 φησίν
694 2673 773 2732 (sc.
812 2661 1018 2755 Evolat.)
1058 2667 1132 2717 ε’πὶ
1171 2661 1260 2732 τὴν
1278 2667 1350 2754 ‘gg-
1391 2665 1543 2731 ἀρχῆς
1578 2661 1837 2716 ὑπόθεσιν.
1888 2686 1932 2731 p.

346 2743 521 2791 390οε
560 2732 666 2787 ἀλλ’
705 2733 951 2797 ἀνοιστέος
987 2757 1010 2788 ο
1049 2736 1216 2803 λόγος,
1257 2734 1322 2797 ὦς
1349 2733 1623 2799 Εὐριπίδης
1658 2738 1824 2799 φησίν.
1874 2740 1932 2786 cs.

345 2813 469 2859 Herc.
491 2814 536 2859 F.
563 2813 720 2859 1221:
751 2803 896 2857 ἐκεῐσ’
928 2803 1199 2872 ἆνοιστέοι,
1227 2827 1359 2874 quem
1385 2813 1531 2858 locum
1559 2812 1718 2872 respici
1747 2810 1935 2872 putabat

343 2882 567 2929 Matthiae.
