2077 3139
256 118 325 171 86
940 120 1172 164 ΔΙΚΤΤΣ

256 262 359 321 (vol.
391 264 417 309 1
453 278 497 324 p.
525 263 624 311 282
662 264 728 310 ed.
755 264 912 323 Basil.,
948 265 1035 310 vol.
1064 264 1094 311 5
1130 279 1176 325 p.
1208 264 1305 312 149
1340 264 1520 326 Chart.).
1570 281 1632 312 vs.
1664 267 1691 313 1
1729 257 1844 315 οὐδὲ

257 332 401 393 Stob.,
426 327 569 379 οὐδὲν
595 334 686 379 Gal.

990 412 1094 465 342

420 507 580 574 φίλος
608 500 712 574 γὰρ
743 493 812 574 ἦν
841 525 949 574 μοι,
983 509 1080 559 καί
1102 498 1161 574 μ’
1195 510 1329 576 ἔρως
1361 506 1470 561 ἕλοι
1494 504 1623 561 ποτὲ

421 585 524 642 οὐκ
558 592 633 651 εἰς
663 585 721 641 τὸ
751 591 938 658 μῶρον
968 583 1109 642 οὐδέ
1131 583 1190 659 μ’
1226 593 1301 654 εἰς
1332 588 1553 658 Κύπριν
1582 590 1811 662 τρέπων.

421 668 540 725 ἀλλ’
579 675 690 726 ἔστι
722 668 789 742 δή
819 694 898 736 τις
930 666 1089 737 ἄλλος
1122 673 1179 727 ἐν
1209 677 1424 743 βροτοῖς
1455 678 1592 743 ἔρως

422 757 600 826 ψυχῆς
634 759 848 819 δικαίας
879 752 1166 827 σώφρονός
1196 779 1253 812 τε
1285 752 1549 827 κάγαθῆς.

421 840 511 892 καὶ
541 839 678 909 χρῆν
710 838 769 893 δὲ
798 852 910 904 τοῖς
940 844 1183 909 βροτοῖσι
1213 837 1366 895 τόνδ’
1401 839 1539 896 εἶναι
1569 838 1761 913 νόμον,
1815 858 1842 898 5

419 927 531 977 τῶν
562 918 941 991 εὐσεβούντων
972 923 1169 987 οἵτινές
1198 946 1260 993 γε
1291 921 1570 995 σώφρονες

423 1007 571 1075 ἐρᾶν,
603 1003 824 1076 Κύπριν
856 1006 915 1061 δε
944 1005 1044 1077 τὴν
1074 1004 1208 1072 Διος
1238 1013 1448 1079 χαίρειν
1479 1011 1588 1064 ἐᾶν.

357 1100 481 1147 Stob.
508 1102 601 1147 Ecl.
632 1103 686 1160 1,
715 1103 773 1160 9,
799 1102 831 1146 4
857 1118 899 1162 p.
929 1102 1042 1149 272.
1095 1119 1159 1149 vs.
1191 1105 1217 1149 1
1256 1101 1404 1162 φίλον
1435 1120 1528 1166 γαρ
1554 1095 1697 1164 ἡμῖν,
1725 1101 1777 1150 εἴ
1794 1122 1828 1165 μ

255 1164 374 1229 ἔρως
412 1172 691 1244 temptabam.
743 1187 805 1216 vs.
834 1172 863 1219 3
893 1180 937 1218 et
961 1172 993 1218 4
1028 1173 1158 1219 affert
1191 1174 1307 1220 Plut.
1335 1176 1443 1220 Mor.
1478 1190 1520 1235 p.
1554 1176 1614 1220 11
1642 1176 1698 1234 F,
1733 1178 1841 1222 item

255 1242 332 1302 qui
367 1230 644 1303 Ευριπίόου
684 1236 876 1301 Θησέως
911 1242 1070 1288 lemma
1105 1243 1240 1290 habet
1275 1244 1492 1290 Stobaeus
1526 1245 1645 1292 Flor.
1673 1245 1730 1305 5,
1759 1246 1840 1292 21.

1001 1364 1103 1416 343

419 1451 492 1524 μὴ
521 1465 719 1524 νεῖκος,
753 1444 797 1507 ὦ
827 1455 1027 1525 γεραιέ,
1060 1451 1332 1525 κοιρανοις
1363 1461 1550 1511 τίθου·

416 1539 601 1606 σέβειν
633 1538 692 1593 δὲ
721 1536 848 1604 τοὺς
877 1541 1212 1611 κρατοῦντας
1242 1535 1464 1611 ἀρχαῖος
1495 1538 1671 1612 νόμος.

354 1631 478 1680 Stob.
507 1634 627 1682 Flor.
655 1633 739 1692 44,
768 1634 811 1679 2.

998 1713 1103 1766 344

415 1807 525 1874 φεῦ
554 1808 683 1900 φεῦ,
715 1802 942 1868 παλαιὸς
973 1803 1126 1869 αἶνος
1158 1827 1229 1869 ως
1259 1808 1437 1870 καλως
1468 1810 1599 1878 ἔχει

416 1882 517 1941 οὐκ
546 1883 615 1942 ἂν
645 1888 854 1957 γένοιτο
884 1886 1111 1959 χρηστὸς
1143 1890 1201 1943 ἐκ
1230 1892 1402 1944 κακοῦ
1435 1889 1647 1959 πατρός.

354 1980 477 2028 Stoh.
508 1983 624 2028 Flor.
653 1984 743 2042 90,
771 1984 816 2030 5.
867 1999 928 2029 xs.
962 1986 987 2030 1
1023 1987 1216 2031 recurrit
1250 1985 1425 2044 r1·.25‚
1455 1988 1498 2031 1.
1552 2001 1611 2031 vs.
1641 1985 1670 2030 2
1707 1984 1840 2032 habet

250 2064 496 2113 anonymus
524 2056 566 2097 in
594 2053 707 2099 libro
735 2055 825 2099 Les
841 2069 1068 2115 papyrus
1090 2056 1240 2101 Grecs
1265 2055 1420 2113 (Paris.
1446 2055 1595 2114 1866)
1622 2070 1663 2116 p.
1691 2056 1802 2104 104.

996 2175 1100 2229 345

418 2269 494 2329 εἰς
527 2260 576 2319 δ’
612 2259 895 2335 εὐγένειαν
925 2261 1068 2335 ὀλίγ’
1103 2271 1206 2338 ἔχω
1238 2263 1444 2337 φράσαι
1478 2263 1640 2322 καλοί·

415 2345 444 2402 ὁ
474 2347 575 2418 μὲν
604 2346 706 2418 γὰρ
739 2347 932 2414 ἐσθλὸς
967 2347 1195 2419 εὐγενὴς
1225 2347 1399 2421 ἔμοιγ’
1433 2347 1592 2423 ἀνήρ,

415 2429 444 2486 ὁ
478 2429 529 2485 δ’
567 2430 633 2486 οὐ
666 2436 873 2497 δίκαιος
905 2429 1007 2488 κᾶν
1037 2429 1325 2505 ἀμείνονος
1355 2432 1556 2504 πατρὸς

415 2514 594 2585 Ζηνὸς
625 2513 864 2588 πεφύκῃ,
900 2515 1171 2588 δυσγενὴς
1203 2516 1346 2573 εἶναι
1377 2523 1541 2574 δοκεῖ.

349 2609 752 2686 Stoh.F10r.86‚
796 2616 838 2658 1.
888 2627 949 2659 vs.
987 2613 1018 2658 4
1054 2603 1238 2677 Ζηνὸς]
1274 2609 1411 2676 γένος
1444 2615 1714 2674 Meinekius,
1749 2628 1834 2675 ego

247 2669 341 2735 ἶνις
366 2688 442 2726 aut
466 2671 611 2742 γόνος
638 2682 905 2742 scripserim.

992 2776 1095 2828 346

410 2860 485 2934 μή
515 2868 610 2935 μοί
636 2862 755 2920 ποτ’
792 2872 875 2935 εἴη
906 2863 1197 2938 χρημάτων
1227 2866 1511 2943 νικωμένῳ
