2077 3139
802 101 1152 144 ΛΙΚΤΜΝΙΟΣ
1671 99 1767 153 12Ἱ

190 233 490 302 ἡμίφλεκτόν
514 256 622 286 τινα
649 235 827 302 εἰσάγει
853 238 918 299 εἰς
942 235 1134 287 τοιοῦτό
1153 258 1199 288 τι
1223 239 1647 304 κεκεραυνωμένον
1672 232 1768 289 απὸ

190 311 276 371 τῆς
300 305 618 369 περιστάσεως
643 306 844 371 ἐκείνης.
879 307 956 370 εἴη
994 300 1039 356 δ’
1069 301 1130 356 ἂν
1162 311 1250 358 τοῦ
1275 307 1550 375 Εὐριπίδου
1588 327 1768 374 μεμνη-

189 379 332 443 μένος
366 374 570 443 ἀγγέλου
603 379 690 426 τοῦ
725 377 777 426 ἐν
809 379 877 445 τῷ
904 379 1186 447 Λικυμνίῳ.
1232 377 1356 443 λέγει
1384 399 1475 444 γαρ
1513 379 1591 428 ἐπὶ
1616 383 1770 428 τελευ-

190 451 274 511 τῆς
301 447 496 506 ἐκεῖνος.
545 444 597 495 ἕν
621 449 881 514 Λικυμνίῳ
918 444 1124 511 ὁράματι
1137 429 1425 508 Εὐριπίδου
1467 447 1673 512 εἰσήχθη
1698 468 1769 507 τις

189 513 704 583 κεραυνοβολούμενος.
756 535 867 581 quae
903 523 1065 580 partim
1104 530 1314 582 corrupta
1354 528 1484 580 sunt,
1520 524 1680 582 partim
1716 523 1768 568 ab

190 592 508 652 interpretibus
544 592 710 650 scripta
738 588 813 650 qui
841 590 893 635 de
918 590 1145 651 LicymnIo
1184 591 1404 668 Euripidis
1439 592 1548 636 nihil
1586 594 1765 639 scirent.

190 663 458 723 Hesychius:
485 657 791 741 Λικυμνιοις,
807 657 995 719 βολαῖς·
1023 658 1122 705 τῶν
1149 655 1199 704 ἐν
1225 676 1291 724 τῳ
1319 652 1597 736 Εὐριπίδου
1615 663 1769 705 Λικυ-

190 727 314 797 μνίω
348 743 644 790 μνημονευοι
676 744 740 772 αν
776 725 908 783 ἴσως.
924 727 1285 806 κεραυνοῦται
1312 747 1402 791 γαρ
1429 723 1459 790 ἡ
1492 730 1614 785 ναῦς
1649 746 1769 775 κατα

189 793 273 844 τὸν
307 795 413 844 ἐκεῖ
441 792 612 859 λόγον,
659 787 746 858 οὐχ
780 788 844 854 ὥς
879 790 1029 844 αὐτοῦ
1065 797 1150 844 τοῦ
1185 798 1463 860 Λικυμνίου
1503 810 1769 860 κατεσκημ·

189 865 351 930 μένου.

931 932 1035 985 476

357 1023 574 1093 φαῦλον
603 1019 868 1094 ἄκομψον,
899 1020 964 1078 τὰ
993 1019 1193 1094 μέγιστ’
1224 1019 1457 1095 ἀγαθόν,

357 1108 537 1161 πᾶσαν
570 1107 628 1160 ἐν
659 1111 798 1180 ἔργῳ
829 1104 1284 1177 περιτεμνόμενον

357 1195 577 1260 σοφίαν,
608 1191 798 1261 λέσχης
828 1187 1105 1260 ἀτρίβωνα

292 1284 416 1344 Diog.
445 1286 492 1329 L.
520 1285 577 1343 3,
605 1285 693 1331 623
730 1276 754 1328 ὁ
779 1284 900 1362 γοῦν
935 1283 1119 1343 φαῦλος
1146 1281 1330 1346 λέγεται
1363 1280 1483 1364 παρ’
1512 1278 1648 1350 αὗτῳ
1674 1285 1769 1350 (int.

189 1351 430 1414 Platonem)
469 1349 551 1398 καὶ
588 1348 664 1398 ἐπὶ
703 1354 788 1400 τοῦ
824 1346 1006 1412 απλοῦ,
1045 1349 1109 1410 ὥς
1143 1351 1226 1400 καὶ
1261 1370 1358 1433 παρ
1425 1335 1676 1422 Εὐριπίδῃ
1718 1352 1768 1401 ἐν

188 1421 453 1502 Λικυμνίῳ
478 1438 547 1482 ·εφ
539 1419 685 1483 ’ρεται
718 1419 796 1468 ἐπὶ
823 1423 908 1469 τοῦ
929 1415 1224 1482 Ἡρακλέους
1249 1416 1424 1470 ουτωσί
1457 1425 1676 1484 φαῦλον
1699 1451 1769 1461 -

187 1483 479 1552 ἆτρίβωναῆ
517 1508 579 1538 vs.
605 1494 630 1538 1
659 1494 850 1539 afferunt
874 1495 1079 1554 Didymus
1108 1496 1182 1555 qui
1209 1496 1407 1542 dicitur
1396 1510 1441 1540 111
1469 1496 1625 1542 Milleri
1652 1497 1767 1542 libro

187 1562 439 1623 Me'lanqes
463 1565 519 1609 de
543 1565 630 1608 lztt
660 1564 740 1609 Gr.
767 1579 810 1624 p.
839 1563 938 1612 402
976 1564 1105 1610 Phot.
1134 1566 1234 1610 Lex.
1270 1580 1312 1626 p.
1343 1566 1470 1625 642,
1511 1566 1577 1613 20
1625 1567 1766 1627 Etym.

186 1631 244 1676 M.
271 1646 315 1692 p.
346 1633 471 1691 789,
511 1631 576 1679 34
619 1633 776 1679 Suidas
811 1649 848 1677 v.
886 1628 1012 1678 εἰὸέα
1049 1643 1091 1679 et
1137 1632 1328 1692 φαῦλον
1381 1635 1528 1680 Schol.
1566 1636 1676 1681 Plat.
1723 1651 1765 1695 p.

188 1700 335 1748 920a
364 1702 428 1748 36
456 1703 577 1747 Eust.
603 1703 649 1747 ll.
678 1717 718 1761 p.
750 1703 908 1760 1356,
939 1703 1020 1760 62,
1047 1704 1237 1764 denique
1263 1707 1446 1778 partim
1449 1706 1551 1751 Lex.
1580 1706 1766 1751 Vindob.

187 1785 232 1830 p.
266 1770 390 1829 187,
427 1772 470 1818 6.
521 1771 577 1817 cf.
605 1772 870 1818 Plutarchus
908 1772 951 1816 V.
980 1773 1172 1818 Marcelli
1209 1788 1243 1818 c.
1273 1773 1360 1818 21;
1398 1764 1483 1819 τὸν
1520 1771 1673 1833 δῆμον
1699 1801 1767 1807 --

187 1836 433 1903 ρ”αθυμίας
479 1831 683 1899 ἄπειρον
724 1837 805 1885 καὶ
856 1857 979 1886 κατα
1027 1833 1113 1887 τὸν
1169 1835 1481 1902 Εὐριπίδειον
1525 1838 1767 1906 “Ηρακλέα

189 1907 406 1966 φαῦλον
436 1935 490 1943 -
523 1900 764 1970 αγαθόνζ
815 1913 1020 1957 similiter
1044 1912 1159 1957 idem
1183 1913 1233 1958 V.
1261 1914 1429 1960 Cimon.
1458 1929 1494 1960 c.
1522 1914 1568 1959 4.
1604 1916 1767 1960 Anecd.

185 1980 360 2026 Bachm.
387 1980 474 2025 vol.
506 1981 531 2025 1
560 1995 604 2041 p.
632 1980 759 2039 412,
788 1981 839 2027 7:
873 1979 1063 2040 φαῦλον
1087 2007 1158 2015 -
1182 1976 1259 2026 ἐπι
1298 1977 1350 2028 δὲ
1383 1972 1578 2044 ἀγαθοῦ
1615 1973 1766 2045 ,Ei-92

185 2044 329 2107 πίδης
371 2043 421 2092 ἐν
442 2038 683 2109 Ηρακλεῖ
717 2048 936 2109 φαῦλον
970 2077 1038 2083 -
1047 2043 1310 2128 ,ἆγαθόνζ
1378 2055 1562 2113 respicit
1604 2055 1766 2112 Phry.u

186 2118 476 2179 Bekk.p.6,
517 2120 577 2166 19
607 2128 719 2181 etp.
747 2120 875 2180 368,
916 2121 1004 2167 31:
1043 2111 1274 2181 ἄκομψον
1301 2117 1381 2167 καὶ
1409 2122 1624 2182 φαῦλον·
1658 2124 1766 2167 οιον

187 2186 427 2247 κομψείας
459 2183 542 2232 καὶ
567 2189 864 2250 πανουργίας
897 2181 1286 2251 απηλλαγμένον.
1337 2194 1444 2238 item
1479 2193 1670 2239 fortasse
1697 2195 1767 2239 lu·

185 2257 330 2303 lianus
356 2273 400 2318 p.
429 2257 494 2304 54
515 2260 574 2304 A:
602 2252 774 2322 φαύλῳ
801 2275 884 2304 και
909 2253 1124 2325 ακόμψῳ
1151 2262 1210 2306 θε
1193 2260 1321 2326 εατῇ.

929 2394 1031 2447 477

352 2479 516 2548 πόνος
546 2479 670 2555 γάρ,
704 2478 774 2547 ὥς
806 2486 1081 2555 λέγουσιν,
1115 2481 1362 2550 εὐκλείας
1394 2484 1586 2557 πατήρ.

289 2577 414 2623 Stob.
442 2579 559 2624 Flor.
588 2579 670 2638 29,
700 2580 743 2625 7.
791 2579 1002 2639 Sophocli
1030 2583 1147 2627 hunc
1172 2596 1348 2628 versum
1377 2583 1532 2628 tribuit
1557 2583 1766 2628 Maximus

185 2645 404 2694 Planudes
430 2649 556 2694 Rhet.
586 2648 670 2695 vol.
698 2650 727 2695 5
755 2664 797 2710 p.
825 2650 941 2694 441.

929 2757 1031 2808 478

352 2842 411 2899 τὸ
441 2848 536 2916 τῆς
566 2842 803 2917 ἀνάγκης
835 2841 900 2902 οὐ
931 2849 1109 2918 λέγειν
1138 2844 1267 2904 ὅσον
1299 2847 1469 2919 ζυγόν.
