2077 3139
0 0 66 503 ξ

0 507 26 1194 ξ

616 139 990 184 FABVLARVM
1008 139 1227 184 FRAGM.
1483 154 1488 160 ·
1615 137 1722 190 243
1812 156 1817 160 ·

879 277 978 330 867

297 357 343 423 ὦ
373 367 610 439 Κύπρις,
645 362 717 432 ὥς
748 365 907 439 ἡδεῖα
938 368 1029 422 καὶ
1057 366 1331 438 μοχθηρὸς
1363 365 1425 423 εἷ.

233 483 491 557 ΑηοηΥηιιιε
518 478 704 523 debarb.
736 485 780 523 et
811 479 979 524 soloec.
1011 479 1056 522 in
1085 477 1285 536 Append
1319 477 1421 522 Lex.
1456 476 1636 523 Vindob.
1672 492 1717 536 p

129 547 258 607 291,
288 549 317 595 6
346 549 436 594 sive
458 547 620 593 Anecd.
644 548 779 593 Boiss.
800 548 888 592 vol.
909 548 938 594 3
967 562 1014 608 p.
1035 547 1159 593 239:
1194 543 1379 606 γίνεται
1404 541 1715 604 5‡(s010ecis-

130 618 245 676 mus)
284 613 393 674 περὶ
430 609 487 661 τοὶ
513 613 635 676 μέρη
664 614 749 661 τοῦ
783 613 932 677 λόγου
957 611 1066 672 περὶ
1104 607 1161 660 τὰ
1187 611 1329 676 γένη,
1367 607 1474 659 οἷον
1510 607 1719 675 Ευριπί·

131 683 270 747 δης*
286 704 322 733 ω
348 679 538 747 Κύπρις
567 712 625 720 —
655 679 933 748 μοχθηρός’
939 723 948 732 .
1001 679 1046 732 εἴ
1067 687 1233 731 addidit
1261 686 1527 746 Bernhardy.

879 820 981 874 868

460 910 663 983 τρομόν
695 908 945 985 δράμημα
975 912 1210 983 γηραιοῦ
1239 907 1405 974 ποδός

232 1023 394 1069 Anecd.
423 1023 559 1068 Oxon.
589 1023 676 1068 vol.
709 1024 735 1068 1
765 1038 808 1083 p.
839 1022 954 1080 122,
980 1021 1035 1068 8;
1063 1010 1160 1065 τὰς
1144 1017 1208 1075 εἰς
1235 1019 1394 1065 ΜΟΣ
1417 1013 1625 1080 λήγοντα
1648 1017 1718 1063 1:03

130 1090 171 1138 Ο
206 1087 581 1170 παραληγόμεια
627 1085 892 1168 δισύλλαβα
938 1088 1178 1150 μονογενῆ
1229 1082 1387 1135 πάντα
1432 1084 1716 1151 βαρύνεται,

128 1158 171 1206 εἰ
193 1154 260 1222 μὴ
285 1156 526 1221 διάφορον
553 1158 630 1220 εἴη
657 1152 708 1206 τὸ
734 1156 1113 1220 σημαινόμενον·
1139 1151 1302 1221 γόμος,
1330 1153 1497 1220 νόμος,
1521 1152 1715 1219 τρόμος,

130 1225 327 1293 δρόμος·
355 1230 400 1278 εἰ
433 1229 484 1278 δὲ
520 1248 566 1276 τι
609 1224 854 1288 ὀξύνεται,
892 1221 1011 1292 πρὸς
1056 1223 1295 1291 διάφορον
1330 1223 1715 1289 σηιιαιιόμενον·

129 1294 310 1362 ενόμον
343 1318 464 1347 κατα
499 1292 678 1380 τρομόν
700 1295 938 1379 δράμημα
970 1299 1177 1362 γηραιοῦ
1211 1293 1386 1354 ποδός’
1425 1292 1700 1361 Εἰριπίὸης

128 1372 364 1432 legendum
391 1373 598 1433 suspicor
622 1362 742 1431 πρὸς
769 1369 807 1416 6.
836 1366 1225 1430 σημαιιόμενον·
1260 1365 1407 1430 νόμος
1434 1366 1516 1414 καὶ
1551 1364 1687 1429 νομό
1677 1390 1714 1429 ,

128 1437 302 1504 τρόμος
329 1437 410 1486 καὶ
438 1434 632 1502 τρομός·
661 1432 837 1503 τρομὸν
864 1433 1090 1503 ὁρόμημα
1118 1435 1219 1489 κτὲ.

875 1576 977 1628 869

294 1664 407 1722 ἄλλ’
443 1665 611 1738 αἰθὴρ
644 1674 810 1722 τίκτει
841 1685 921 1734 σε,
955 1663 1105 1735 κόρα,

297 1749 433 1815 Ζεὺς
463 1748 520 1815 ὃς
551 1748 866 1823 ἀνθρώποις
895 1746 1223 1820 ὀνομάζεται.

234 1862 398 1907 Anecd.
426 1862 564 1907 Oxon.
593 1860 678 1906 vol.
699 1863 722 1906 1
752 1860 928 1922 p.182,
959 1861 1043 1907 13:
1073 1856 1264 1935 λέγουσι
1291 1849 1334 1904 δ’
1366 1849 1514 1904 αὐτὸν
1538 1846 1715 1918 αἰθέρα

132 1930 228 1976 Δία
254 1922 406 1990 εἶναι,
439 1926 516 1977 ὅτι
552 1924 762 1992 ἔμπυρός
797 1926 896 1975 ἐστι
931 1925 1012 1974 καὶ
1048 1927 1121 1994 ζῇ.
1171 1919 1452 2010 Ευριπίὸης·
1484 1921 1616 1974 ’ἀλλ’
1650 1955 1712 1962 —-

129 1992 331 2058 ὀνομάζε
337 2002 444 2045 ται’
519 2002 671 2046 eadem
718 2001 810 2047 sere
853 2003 1019 2046 omisso
1067 2001 1289 2060 Euripidis
1334 2002 1513 2046 nomine
1550 2003 1712 2046 Anecd.

128 2071 267 2117 Oxou.
296 2071 380 2117 vol.
410 2071 438 2116 2
465 2086 510 2132 p.
537 2071 657 2129 443,
687 2071 714 2118 6
744 2080 788 2116 et
813 2072 954 2132 Etym.
984 2071 1095 2116 Gud.
1123 2086 1164 2131 p.
1193 2070 1310 2128 230,
1339 2071 1417 2117 30.

872 2220 975 2272 870

292 2313 372 2375 τίς
405 2307 526 2365 ἔσθ’
563 2304 590 2365 6
621 2311 835 2380 μέλλων
865 2308 1129 2375 σκόλοπος
1159 2306 1192 2380 ἢ
1223 2316 1462 2383 λευσμοῦ
1501 2327 1713 2385 τυχειν;

231 2421 391 2466 Anecd.
419 2420 559 2466 Oxon.
596 2422 681 2466 vol.
710 2421 738 2465 2
776 2436 822 2481 p.
850 2420 975 2479 258,
1004 2421 1058 2464 2;
1092 2413 1355 2476 σκόλοπος·
1392 2419 1474 2469 διὰ
1497 2423 1583 2469 τοῦ
1613 2423 1653 2470 Ο
1682 2440 1709 2484 η

126 2480 488 2550 παραληγοισα.
542 2478 854 2549 Ειριπίὸης*
870 2487 939 2544 τίς
965 2515 1031 2522 ——
1060 2489 1264 2549 tvzsiv’.

872 2623 972 2676 871

290 2707 321 2770 6
351 2716 555 2789 λῷστος
585 2737 743 2779 ουτος
772 2715 862 2769 καὶ
892 2715 1334 2786 φιλοξενέστατος

229 2825 388 2871 Anecd.
423 2825 560 2871 Oxou.
599 2825 683 2870 v.01
724 2824 754 2870 2
790 2825 988 2885 p.452‚
1026 2826 1113 2873 17:
1155 2817 1301 2882 εὅλως
1334 2823 1386 2872 τὸ
1421 2827 1589 2887 σοῦτος
1623 2827 1708 2878 καὶ

124 2889 537 2952 φιλοξενέστατος’
573 2886 853 2958 Εὐριπίδης.

1290 2986 1373 3024 16*
