2077 3139
369 150 474 203 240
975 152 1371 195 moERTARVM
1418 181 1423 187 .

1098 288 1233 341 852⁸

539 402 581 434 ω
612 375 995 450 θερμόβουλον
1025 377 1341 450 σπλαγχνον

474 479 545 520 Ar.
575 476 683 521 Aeh.
716 476 838 522 119:
877 466 917 521 ὦ
916 469 1278 558 θερμόβουλον
1301 463 1531 555 πρωκτὸν
1557 469 1833 552 ἐξυρημένε.
1883 478 1961 524 ubi

371 545 549 591 Schola
548 541 810 621 παρῳδία
843 542 1038 605 χρῆται·
1077 541 1177 589 ἔστι
1203 559 1294 605 γαρ
1331 539 1383 589 ἐν
1417 543 1476 609 τῇ
1512 541 1715 610 Μηδεία
1750 534 1959 606 Εὐριπί-

372 611 509 660 δου“
525 631 563 660 ω
598 607 937 675 θερμόβουλον
973 609 1297 676 σπλάγχνον’.
1349 614 1574 661 Peliadum
1605 630 1706 662 esse
1741 615 1962 677 fragmen-

370 693 465 730 tum
492 687 683 731 coniecit
707 684 960 731 Elinsleius.

1095 777 1195 830 852
1213 779 1235 811 b

537 865 814 939 διαβάλλω

473 965 714 1010 Erotianus
751 965 896 1010 Gloss.
934 965 1145 1024 Hippoer.
1184 980 1225 1025 p.
1266 965 1356 1023 62,
1387 965 1473 1011 13:
1528 954 1862 1023 διεβλήθησαν
1893 988 1965 998 -

370 1029 604 1093 μέμνηται
647 1035 731 1093 τῆς
775 1030 938 1091 λέξεως
987 1030 1068 1078 καὶ
1124 1030 1173 1079 ἐν
1221 1031 1475 1100 Πολυείδῳ
1524 1030 1606 1078 καὶ
1658 1029 1710 1079 ἐν
1750 1027 1961 1098 Ὀρέστῃ.

372 1107 556 1150 Orestae
584 1107 751 1150 mentio
780 1106 922 1150 errori
951 1105 1100 1150 deberi
1131 1104 1318 1154 videtur.

1123 1239 1224 1291 853

541 1332 719 1396 δείξας
751 1327 855 1402 γὰρ
887 1326 1104 1398 ἄστρων
1134 1326 1233 1400 τὴν
1266 1331 1520 1385 ἐναντίαν
1550 1323 1685 1385 ὁδὸν

539 1414 746 1485 δήμους
778 1409 818 1468 τ’
854 1419 1032 1469 ε’σωσα
1062 1414 1153 1468 καὶ
1183 1411 1448 1484 τύραννος
1481 1411 1683 1484 ίζόμην.

473 1510 633 1556 Achill.
671 1512 766 1556 ’.Γειῑ
804 1510 915 1570 Isag.
955 1511 999 1555 in
1033 1511 1197 1555 Phaen.
1234 1525 1277 1570 p.
1318 1509 1493 1556 12213:
1536 1499 1561 1553 6
1598 1505 1649 1554 δὲ
1683 1502 1963 1569 Ευριπίδης

370 1577 493 1639 φησί
529 1576 713 1636 (δείξας
743 1606 802 1614 -
832 1574 1052 1639 ίζόμηνῆ
1103 1580 1206 1625 ibid.
1243 1595 1283 1640 p.
1327 1580 1499 1626 1400:
1537 1594 1660 1623 κατα
1694 1570 1778 1624 τὸν
1813 1570 1962 1639 Εὐρι-

369 1646 518 1708 πίδην
554 1646 802 1711 λέγοντα(
819 1645 972 1708 δείξας
999 1675 1065 1682 -
1093 1641 1311 1708 ι”ζόμην’.
1363 1664 1425 1695 vs.
1459 1652 1485 1695 1
1513 1650 1672 1694 ibidem
1708 1649 1877 1708 legitur
1918 1665 1960 1710 p.

372 1722 487 1768 165.
553 1735 614 1765 vs.
661 1720 689 1766 2
736 1713 952 1783 θρόνους
994 1721 1339 1766 Heimsoethius.
1414 1719 1540 1764 locus
1576 1719 1874 1779 probabiliter
1908 1719 1961 1764 ad

370 1792 606 1851 Thyestem
633 1792 851 1847 refertur3
887 1792 1013 1836 Atrei
1048 1790 1166 1836 enim
1192 1797 1298 1835 sunt
1322 1789 1484 1850 verba,
1521 1789 1578 1835 cs.
1609 1788 1754 1834 Strah.
1778 1788 1796 1834 1
1820 1803 1866 1850 p.
1896 1788 1961 1835 23

369 1868 414 1906 et
441 1860 589 1907 Schol.
618 1862 720 1907 Eur.
753 1862 823 1906 Or.
852 1861 968 1908 998.

1113 1953 1217 2006 854

1163 2041 1442 2098 ὁθούνεκα

536 2131 596 2185 ἐν
627 2124 793 2194 αυτὸς
825 2123 974 2202 αυτῷ
1005 2125 1184 2182 πάντα
1214 2125 1508 2197 συλλαβών
1539 2130 1662 2197 ἔχει.

472 2225 629 2272 Achill.
658 2227 752 2271 Tat.
780 2227 896 2286 Isag.
922 2226 965 2270 in
991 2226 1154 2270 Phaen.
1195 2238 1236 2282 p.
1269 2224 1364 2270 139
1386 2224 1441 2268 E:
1479 2214 1698 2277 ἐνιαυτὸς
1734 2217 1785 2268 δὲ
1817 2211 1961 2282 ἡλίου

368 2290 586 2370 εἴρηται,
622 2290 724 2340 ἐπεὶ
751 2292 846 2388 e'xeet
871 2311 957 2350 τας
982 2308 1139 2349 πασας
1168 2287 1301 2378 ὥρας
1321 2288 1370 2337 ἐν
1392 2288 1557 2370 ἑαυτῷ
1582 2289 1814 2349 τέσσαρας
1838 2283 1961 2338 κατὰ

367 2356 453 2410 τὸν
479 2357 757 2441 Εὐριπίδην
794 2353 1047 2410 (ὁθούνεκ’
1088 2359 1139 2408 ἐν
1164 2358 1301 2441 αὐτῷ
1334 2356 1493 2408 πάντα
1517 2340 1776 2423 συλλαβὼν
1813 2358 1954 2422 ἔχει’.

366 2450 431 2481 vs.
459 2435 490 2482 2
518 2430 568 2480 ἐν
593 2424 740 2491 αὐτὸς
765 2426 900 2500 αὑτῷ
925 2450 1009 2497 pro
1036 2430 1089 2480 ἐν
1114 2424 1251 2480 αὐτώ
1276 2434 1478 2480 restituit
1503 2434 1774 2493 Conington.

1113 2570 1216 2623 855

532 2659 651 2731 ἥκει
684 2658 735 2716 δ’
773 2657 850 2717 ἐπ’
885 2658 1050 2732 ὤμοις
1081 2656 1113 2732 ἢ
1145 2657 1275 2724 συὸς
1305 2661 1493 2731 φέρων
1525 2655 1697 2729 βάρος

531 2741 565 2816 ἦ
595 2742 696 2816 τὴν
727 2741 980 2816 ἄμορφον
1009 2742 1203 2816 mma,
1237 2740 1506 2798 δυ’στοκον
1537 2739 1715 2806 δάκος

470 2842 679 2887 Aelianus
704 2842 754 2886 N.
780 2845 830 2886 A.
863 2842 944 2900 14,
973 2842 1029 2889 6.
1057 2837 1185 2886 εὀικε
1213 2833 1312 2885 δὲ’
1288 2833 1386 2903 α’ρα
1410 2836 1481 2916 τῷ
1491 2834 1647 2917 θηρί
1631 2852 1667 2881 ω
1693 2852 1853 2914 τουτῳ
1873 2836 1954 2896 (sc.

367 2908 424 2973 τῇ
461 2908 622 2974 λυγκί)
656 2913 918 2974 μαρτυρεῖν
953 2906 1035 2956 καὶ
1075 2901 1348 2975 Ευριπίδης
1380 2899 1436 2955 τὸ
1477 2898 1800 2969 ἆπρόσωπον,
1836 2900 1956 2953 ὅταν
