2077 3139
266 149 336 202 53
897 147 1224 188 ΑΡΧΕΛΑΟΣ

436 381 665 433 νεανίαν
695 372 799 445 γὰρ
830 372 1006 442 ἄνδρα
1038 372 1138 445 χρὴ
1169 375 1372 443 τολμᾶν
1400 368 1488 428 ἆεί

437 457 620 526 οὐδεὶς
652 460 754 530 γὰρ
788 454 865 513 ὦν
897 457 1145 531 ῥᾴθυμος
1179 453 1402 526 εὐκλεὴς
1434 454 1594 527 ἀνήρ,

437 541 548 599 ἀλλ’
583 547 640 600 οἱ
667 543 824 599 πόνοι
856 548 1098 597 τίκτουσι
1127 540 1227 612 τὴν
1259 536 1576 610 εὐανδρίαν.

374 642 498 687 stol).
528 641 646 686 Flor.
674 642 767 698 51,
794 639 825 684 4
864 647 907 684 et
933 639 1066 684 Orion
1094 639 1212 683 Flor.
1242 639 1392 697 Eurip.
1432 637 1495 682 22
1534 653 1574 697 p.
1614 636 1738 694 266,
1776 636 1855 682 26.

269 726 333 757 vs.
362 712 389 756 2
418 718 462 756 et
489 712 518 758 3
556 712 719 770 repetit
753 709 877 754 Stoh.
904 708 1023 754 Flor.
1055 707 1145 765 29,
1175 707 1254 753 32.
1311 723 1371 752 vs.
1400 707 1429 754 3
1466 698 1752 769 εὐανδρίαν]
1781 699 1856 750 εὑ-

271 777 435 838 δοξίαν
463 777 582 841 (cum
612 798 649 826 v.
677 781 707 825 1.
737 772 1016 839 εὐανδρίαν)
1044 776 1298 823 Stoi).Flor.
1322 779 1401 824 51.
1431 779 1581 823 eadem
1607 777 1700 822 sere
1727 776 1857 822 verba

269 850 481 910 leguntur
506 853 548 896 in
577 852 629 896 [Γ.
661 850 810 907 1039,
840 850 884 895 7.

435 1029 537 1088 οὐκ
570 1039 718 1088 ἔστιν
746 1028 892 1097 ὅστις
923 1027 1082 1100 ἡδέος
1113 1028 1253 1104 ζήλῳ
1286 1035 1411 1098 βίου

439 1115 693 1173 εὔκλειαν
725 1112 1076 1185 εἰσεκτήσαί,
1109 1112 1245 1168 ἀλλὰ
1276 1112 1377 1185 χρὴ
1410 1126 1616 1169 πονεῖν.

373 1215 497 1261 8ιο1).
520 1215 639 1259 Flor.
669 1213 752 1272 29,
779 1213 857 1258 14.
903 1227 963 1258 vs.
989 1213 1013 1256 1
1043 1200 1184 1268 ἡδέος
1210 1201 1334 1273 ζήλῳ
1361 1206 1471 1268 βίου
1495 1210 1674 1270 scripsi,
1700 1195 1858 1267 ἡδέως

268 1282 425 1343 ζητῶν
459 1282 604 1344 βιοῦν
638 1283 755 1329 libri.
824 1297 886 1328 vs.
921 1281 950 1327 2
988 1275 1290 1338 εἰσεκτήσατο
1327 1280 1561 1337 vitiosum,
1602 1280 1856 1326 emendatio

269 1363 450 1401 lucei-[a.

1011 1416 1110 1466 241

435 1505 462 1564 ὁ
496 1507 543 1564 δ’
577 1506 716 1580 ἡδὺς
747 1506 885 1563 αἰών
916 1505 947 1575 ἡ
980 1505 1119 1576 κακή
1150 1503 1187 1559 τ’
1225 1503 1496 1576 ἀνανδρία

437 1590 543 1648 οὔτ’
580 1592 731 1648 οἷκον
762 1590 887 1648 οὔτε
919 1590 1085 1646 πόλιν
1108 1586 1484 1660 ἄνορθεόσειεν
1515 1585 1598 1643 ἄν.

374 1689 497 1736 Stob.
526 1689 646 1734 Flor.
676 1689 724 1747 8,
755 1689 834 1735 13.
887 1689 942 1734 cs.
970 1689 1074 1732 Eur.
1104 1687 1157 1731 fr.
1187 1687 1304 1733 366.

1013 1807 1115 1858 242

1189 1898 1279 1969 ἐμὲ
1313 1895 1358 1953 δ’
1394 1893 1472 1966 ἄρ’
1508 1893 1573 1952 οὐ

434 1994 665 2057 μοχθεῖν
699 1989 940 2051 δι’καιον;
974 1988 1052 2047 τίς
1085 1979 1129 2037 δ’
1164 1979 1404 2052 ἅμοχθος
1437 1977 1687 2049 εὐκλεήςς

435 2075 515 2134 τίς
540 2071 649 2123 τῶν
679 2074 951 2139 μεγίστων
983 2064 1158 2130 δειλὸς
1192 2060 1269 2120 ὧν
1300 2063 1561 2133 ὠρέξατο;

371 2165 495 2212 SloL.
520 2166 635 2212 Flor.
658 2167 742 2223 51,
765 2165 807 2211 7.
848 2178 1019 2209 versum
1044 2163 1072 2209 3
1101 2177 1124 2207 a
1150 2163 1430 2222 praegressis
1457 2161 1622 2205 dirimit
1648 2159 1852 2204 Badham.

1008 2284 1110 2335 243

435 2376 540 2447 ἐγώ
575 2377 635 2432 δὲ
665 2375 760 2432 τὸν
791 2375 890 2432 σόν
921 2371 1062 2445 κρᾶτ’
1099 2371 1398 2436 ἆναστέψαι
1429 2373 1589 2426 θέλω

370 2473 516 2519 Schol.
546 2474 646 2519 Eur.
674 2474 842 2518 Phoen.
872 2472 1029 2518 1159:
1064 2460 1336 2530 αμφίβολον
1361 2461 1563 2525 πότερον
1589 2456 1674 2511 τὸν
1699 2462 1851 2519 κρᾶτα

220 2542 225 2545 ’
265 2559 304 2588 ει
296 2544 397 2588 ’πεν
435 2558 465 2601 η
500 2533 552 2587 τὸ
586 2558 764 2601 κρατα,
802 2537 901 2586 ἐπεὶ
939 2537 1020 2584 καὶ
1059 2534 1110 2583 ἐν
1142 2531 1438 2601 Ἀρχελάῳ(
1455 2527 1547 2598 ἐγὼ
1574 2561 1637 2568 -
1675 2531 1850 2580 θέλω’.

263 2602 566 2673 αναστρέψαι
593 2621 694 2658 ante
721 2614 992 2657 Barnesium.

1008 2718 1111 2769 ‘244

433 2812 586 2880 φέρει
618 2811 676 2866 δὲ
707 2811 797 2864 καὶ
826 2806 966 2864 τοῦτ’
1004 2807 1124 2879 οὐχὶ
1156 2805 1369 2879 μικρόν,
1403 2801 1630 2875 εὐγενὴς

433 2893 571 2966 ἀνὴρ
602 2896 917 2966 στρατηγῶν
949 2890 1145 2947 εὐκλεᾶ
1174 2887 1213 2946 τ’
1249 2897 1387 2962 ἔχων
1417 2888 1595 2960 φάτιν.
