2077 3139
267 111 368 164 110
1007 108 1114 150 nm

431 252 635 328 ζητοῦσ’
669 253 957 328 ἀμαυροῦν
987 250 1474 326 κᾶποκρύπτεσθαι
1506 250 1660 309 κακά.

367 354 493 400 ειοι».
520 354 640 399 Flor.
665 352 716 412 4,
743 353 790 402 9.

1013 430 1115 481 421

430 523 657 594 κε’κτησο
691 518 737 578 δ’
770 519 976 592 ὀρθῶς·
1010 544 1079 576 αν
1110 516 1156 576 δ’
1192 525 1316 592 ἔχῃς
1347 517 1484 576 ἄνευ
1516 517 1711 590 ψόγου,

433 631 536 662 καν
567 605 766 678 σμικρὰ
798 604 991 680 σώζου,
1023 601 1318 660 τοῦνδικον
1350 601 1563 675 σε”βουσ
1600 600 1705 671 αεί,

431 688 504 762 μή
539 689 583 746 δ’
622 689 694 755 ὡς
725 689 889 755 κακὸς
920 687 1225 786 ναύκληρος
1258 679 1321 743 εὖ
1351 687 1555 757 πράξας
1587 688 1714 742 ποτὲ

434 778 607 846 ζητῶν
637 773 702 830 τὰ
732 771 933 830 πλείον’
973 772 1086 828 εἶτα
1116 768 1270 828 πάντ’
1303 766 1603 828 ἀπώλεσεν.

369 872 494 919 Stob.
522 872 641 920 Flor.
671 872 762 930 94,
793 873 837 918 6.
889 887 949 916 vs.
991 872 1017 915 1
1057 878 1102 916 et
1140 870 1169 915 2
1206 877 1357 915 extant
1394 870 1498 914 ibid.
1538 869 1595 927 9,
1634 868 1679 915 5
1731 883 1793 914 vs,
1827 869 1852 914 1

262 933 325 987 ‹322›
359 932 403 986 δ’
445 938 554 1005 ἔχῃς
593 941 870 999 Dindorfius,
909 932 971 985 ἃν
1010 935 1131 1018 ἔχῃς
1156 939 1222 985 vel
1257 929 1342 984 ἆνε
1323 935 1430 999 ’χης
1466 939 1581 984 libri.
1641 953 1705 983 vs.
1734 938 1761 983 2
1796 936 1856 1000 τῇ

265 1009 379 1092 δίκη
405 1003 593 1068 ’ξυνοῦσ
623 1002 700 1056 ἀεί
723 1013 840 1057 Flor.
872 1012 920 1069 9,
946 999 1131 1070 τοῦνεκ’
1162 1000 1218 1055 ὃν
1244 1005 1404 1071 σέβειν
1428 1005 1601 1071 πρέπει
1627 1009 1741 1054 Flor.
1772 1008 1854 1066 94,

263 1062 523 1128 τοῦνδικον
549 1073 739 1142 σέβουσ’
769 1073 847 1127 ἀεί
867 1081 1043 1141 scripsi.

1020 1202 1124 1253 422

433 1300 707 1366 γίγνωσκε
738 1292 1093 1363 τάνθρωπεια
1122 1288 1246 1362 μηδ’
1278 1286 1628 1361 ὗπερμέτρως

431 1378 609 1451 ἄλγει·
644 1393 828 1443 κακοῖς
852 1378 954 1449 γὰρ
986 1372 1052 1433 οὐ
1086 1376 1155 1431 σύ
1186 1373 1505 1446 πρόσκεισαι
1534 1373 1688 1446 μόνη.

368 1476 496 1523 stol).
524 1477 640 1522 Flor.
673 1476 789 1533 124,
819 1476 863 1523 7.

1016 1567 1118 1619 423

435 1663 530 1733 βίᾳ
561 1684 667 1715 νυν
698 1656 861 1715 ἕλκετ’
900 1649 941 1713 ὦ
973 1660 1128 1713 κακοὶ
1159 1656 1313 1728 τιμὰς
1345 1662 1549 1729 βροτοί,

436 1745 526 1798 καὶ
557 1748 760 1799 κτᾶσθε
792 1747 1029 1798 πλοῦτον
1059 1740 1339 1798 πάντοθεν
1370 1739 1702 1812 θηρώμενοι,

437 1826 710 1899 σύμμικτα
740 1824 812 1898 μὴ
846 1832 1030 1882 δίκαια
1061 1828 1151 1881 καὶ
1185 1823 1345 1881 δίκαι’
1379 1825 1544 1897 ὁμοῦ·

437 1910 595 1968 ἔπειτ’
632 1910 851 1983 ἀμᾶσθε
881 1913 1058 1966 τῶνδε
1091 1907 1367 1982 δύστηνον
1394 1911 1574 1981 θέρος.

372 2008 498 2054 Stob.
535 2009 652 2054 Flor.
692 2009 782 2065 10,
821 2007 891 2053 23
922 2015 966 2052 et
1001 2007 1092 2065 93,
1131 2007 1177 2052 4.
1240 2023 1301 2053 vs.
1333 2009 1358 2052 1
1402 2002 1484 2051 καὶ
1518 2003 1611 2050 νῦν
1646 1994 1854 2064 ε’φέλκετ’

267 2077 387 2125 Flor.
416 2078 495 2125 93.
546 2093 611 2124 vs.
637 2078 670 2123 4
697 2073 871 2140 τῶνδε]
901 2074 1041 2122 τοῦδε
1068 2078 1133 2122 vel
1161 2070 1301 2122 τόνδε
1329 2078 1447 2123 Flor.
1479 2077 1542 2124 10
1569 2076 1685 2123 libri.

1015 2212 1121 2265 424

439 2300 571 2378 ὁρᾷς
603 2301 910 2400 τυράννους
944 2302 1034 2358 διὰ
1065 2307 1291 2374 μακρῶν
1321 2299 1677 2374 ηὐξημένους,

439 2386 511 2452 ὡς
542 2411 705 2459 μικρα
735 2411 799 2443 τα
830 2387 1162 2458 σφαλλοντα,
1195 2389 1285 2443 καὶ
1320 2385 1400 2458 μί’
1414 2387 1608 2490 ’,ἡμέρα

439 2496 504 2527 τα
532 2496 633 2570 μεν
664 2480 925 2527 καθεῖλεν
955 2470 1190 2541 ὑψόθεν,
1222 2495 1287 2525 τα
1320 2467 1364 2526 δ’
1397 2468 1478 2540 ἦρ’
1510 2494 1639 2526 oczco.

437 2551 745 2624 υπόπτερος
778 2550 888 2610 δ’ὁ
921 2558 1176 2620 πλοῦτος·
1210 2551 1291 2620 οἷς
1323 2552 1423 2626 γὰρ
1457 2547 1524 2624 ἦν
1554 2577 1701 2623 ποτε,

442 2642 494 2706 εξ
527 2642 769 2695 ἐλπίδων
798 2644 1095 2704 πίπτοντας
1126 2637 1353 2703 υπτίους
1383 2639 1510 2710 ὁρῶ.
1764 2653 1792 2694 5

375 2737 649 2784 Stob.Flor.
681 2736 877 2788 105,1.
931 2736 1229 2782 cs.Philost1·.
1256 2736 1303 2780 V.
1330 2735 1479 2795 Apoll.
1510 2735 1566 2793 7,
1602 2735 1633 2780 4
1671 2750 1713 2794 p.
1744 2737 1859 2794 131,

272 2807 361 2853 31:
389 2804 666 2884 τραγῳδίας
694 2801 745 2850 δὲ
777 2797 1047 2864 υποκριτού
1083 2800 1418 2866 παρελθόντος
1452 2799 1499 2859 ἐς
1532 2795 1622 2863 τὴν
1643 2797 1861 2865 ’Έφεσον

274 2871 350 2922 ἐπὶ
379 2875 437 2940 τῇ
457 2871 574 2922 Ἰνοῖ
598 2876 666 2942 τῷ
693 2869 897 2937 δράματι
927 2872 1005 2921 καὶ
1032 2867 1348 2937 ακροωμένου
1374 2872 1460 2920 τοῦ
1483 2873 1569 2934 τῆς
1587 2867 1795 2932 Ἀσίας’
1775 2891 1858 2937 αρ-
