2077 3139
641 148 1012 190 FABVLARVM
1030 147 1254 190 FRAGM.
1463 152 1465 154 ·
1641 145 1745 199 295

165 286 401 353 λίκαρπον
425 280 728 352 κατάρρυτόν
755 305 802 334 τε
828 314 898 322 --
920 283 1078 350 6c'yccv'
1115 289 1195 347 (vs.
1222 289 1321 334 4-
1261 285 1393 350 -8).
1446 284 1526 333 καὶ
1553 280 1746 352 υποβὰς

172 359 270 406 τῶν
295 354 462 405 πάλων
488 355 637 419 φησὶν
666 352 734 404 ὡν
759 357 812 404 οἱ
824 349 1136 419 Ηρακλεῖδαι
1163 354 1274 418 περὶ
1301 375 1384 418 της
1406 373 1561 419 χωρας
1587 355 1744 418 ἐποιη-

163 442 307 475 σαντο
331 423 414 475 τὸν
439 425 526 489 μὲν
550 421 784 489 πρότερον
809 424 1080 489 γενέσθαι(
1094 426 1238 503 γαίας
1253 455 1322 461 —
1340 425 1547 489 χθονός’
1573 430 1654 489 (vs.
1679 431 1744 488 9),

163 490 248 544 τὸν
285 495 336 546 δὲ
377 493 602 557 δεύτερον
636 497 719 557 τῆς
762 492 1029 556 Μεσσήνης
1072 487 1277 559 ἀρετὴν
1309 524 1364 531 -
1405 492 1618 575 φράσαι’
1664 499 1743 559 (v.s

166 569 274 629 10),
310 566 422 614 οἵαν
458 565 540 614 καὶ
568 559 591 614 6
608 569 860 645 Τυρταῖος
895 561 1083 626 φραζει.
1142 561 1231 626 τὴν
1259 563 1310 613 δὲ
1335 559 1636 627 Λακωνικὴν
1662 565 1743 613 καὶ

162 630 251 698 τὴν
279 636 574 698 Μεσσηνίαν
599 627 776 694 ὁρίζειν
803 628 954 682 αὐτοῦ
980 631 1228 720 φήσαντος
1252 630 1509 696 εΠαμισόν
1532 665 1594 671 -
1616 633 1744 695 ἐξορ-

161 701 413 768 μώμενον’
441 710 520 768 (ν3.
554 708 633 766 11)
671 699 727 752 οὐ
764 705 1114 767 συγχωρητέον.
1143 734 1204 742 —
1233 700 1323 753 οὐκ
1359 708 1413 753 εὐ
1451 704 1501 753 δὲ
1536 699 1639 753 οὐδ
1672 701 1745 753 ότι

161 794 248 837 της
268 777 551 859 Μεσσηνίας
577 767 752 836 ὁμοίως
778 772 1174 832 ἐπιθαλαττιαίας
1199 769 1346 837 οὔσης
1371 778 1430 841 τῆ
1456 776 1744 858 Λακωνικῃ,

162 861 317 908 φησιν
341 837 509 926 αυτὴν,
524 842 722 906 (πρόσω
746 843 1071 892 ναυτίλοισιν,
1099 847 1178 906 (vs.
1210 848 1289 906 12)
1316 848 1457 894 εἰναι.
1506 838 1606 892 ἀλλ’
1633 839 1746 893 οὐδὲ

161 913 252 977 τὴν
279 909 423 963 Ηλιν
457 913 510 963 εὐ
549 913 793 972 διορίζει
806 913 974 974 πρόσω
998 943 1068 951 —-
1091 915 1261 977 γείτων
1286 911 1536 977 καθηται’
1574 920 1651 975 (ν3.
1683 918 1745 964 13

162 995 207 1034 et
236 987 331 1045 14).
376 1003 437 1032 vs.
467 989 492 1033 7
523 982 857 1049 δυσχείμερον]
888 979 1160 1046 δυσήνεμον
1186 988 1348 1034 malim.
1387 1003 1448 1033 vs
1472 988 1532 1034 13
1559 983 1744 1051 πρόσω]

165 1053 266 1103 διὲκ
292 1057 546 1103 MeinekiuS.
598 1072 661 1102 vs.
694 1057 756 1102 14
791 1052 1032 1119 κάθηται]
1070 1057 1288 1103 καλεῖται
1322 1057 1427 1104 olim
1456 1059 1591 1104 suasi.
1644 1057 1747 1104 Cre·

163 1128 368 1188 sphontis
396 1141 494 1172 esse
519 1126 668 1172 locum
695 1129 885 1173 coniecit
911 1127 1202 1187 Musgravius.

893 1275 1028 1328 1069

328 1362 441 1437 ἥκω
471 1370 833 1436 περίκλυστον
863 1363 1186 1434 προλιπούσ’
1218 1363 1662 1438 Ἀκροκόρινθον,

335 1447 482 1519 ἱερὸν
512 1446 701 1520 ὄχθον,
717 1442 890 1504 ’πόλιν
915 1446 1236 1520 Ἀφροδίτας

267 1558 412 1653 Sceuab.
441 1559 530 1604 VIII
555 1575 598 1619 p.
629 1559 752 1605 379:
789 1557 875 1604 τοῦ
901 1550 944 1603 δ’
975 1545 1065 1604 οὗν
1090 1550 1368 1621 Ευριπίδου
1392 1551 1637 1619 φήσαντος
1662 1551 1744 1606 ού·

162 1644 253 1684 τως
291 1619 426 1686 ἥκω
450 1654 518 1661 -—
537 1618 856 1687 Αφροδίτας’
864 1661 876 1671 .
916 1620 967 1673 τὸ
1003 1626 1320 1689 περίκλυστον
1354 1622 1461 1689 ἤτοι
1493 1646 1616 1675 κατα
1655 1626 1746 1690 βᾶ-

163 1699 289 1753 θους
324 1694 517 1743 δεκτέον
553 1693 649 1742 κτὲ.
717 1699 900 1758 respicit
939 1699 1055 1744 Plut.
1095 1700 1202 1745 Mor.
1228 1715 1286 1773 p.
1328 1701 1425 1747 767
1455 1701 1511 1746 F:
1554 1695 1654 1746 ἐπεὶ
1697 1696 1747 1746 δὲ

166 1763 285 1823 ε’ρως
310 1764 477 1827 ε’θιγεν
503 1759 654 1826 αὐτης
680 1768 873 1826 (Laidem
900 1769 1023 1827 dicit)
1043 1759 1329 1828 Ιππολόχου
1361 1767 1450 1815 τοῦ
1482 1767 1744 1829 Θεσσαλοῦ,

164 1828 304 1882 υδατι
357 1836 524 1900 χλωρῷ
568 1828 988 1921 κατακλυζόμενον
1030 1831 1318 1895 προλιποῦσ’
1359 1830 1746 1900 Ἀκροκόρινθον

164 1902 247 1952 καὶ
284 1898 539 1968 αποδρᾱσα
572 1905 670 1953 τῶν
703 1899 859 1953 ἄλλων
898 1903 1114 1968 ἐραστῶν
1155 1901 1323 1969 κρύφα
1357 1905 1507 1970 μέγαν
1545 1901 1749 1970 στρατὸν

166 1968 329 2042 οἴχετο.
390 1978 521 2023 verba
556 1971 697 2023 ν’δατι
741 1976 913 2042 χλωρῷ
959 1980 1134 2024 aliunde
1177 1980 1458 2026 Plutarchum
1503 1984 1747 2041 sumpsisse

165 2050 357 2094 coniecit
380 2048 645 2094 Meinekius:
672 2056 792 2094 recte
818 2049 933 2093 idem
959 2050 1121 2094 iudicat
1142 2049 1270 2094 verba
1298 2050 1370 2094 illa
1393 2051 1622 2096 exordium
1648 2065 1747 2097 esse

165 2119 373 2162 carminis
399 2118 616 2177 parodici‚
638 2119 910 2177 chorumque
937 2120 1019 2163 ista
1041 2128 1270 2164 canentem
1293 2121 1590 2179 compositum
1607 2121 1747 2167 fuisse

166 2193 242 2232 aut
268 2200 318 2231 ex
347 2187 590 2233 hierodulis
616 2195 691 2233 aut
717 2202 740 2232 e
766 2187 1026 2234 mulieribus
1052 2190 1358 2234 Corinthiacis·

884 2337 1017 2390 1070

747 2424 841 2492 τοὶς
874 2430 1319 2499 διωνομασμένας

332 2516 511 2565 ναίειν
542 2509 810 2575 Κελαινὰς
844 2508 1083 2582 ἐσγάτοις
1098 2509 1244 2582 Ἴδης
1272 2509 1470 2577 τόποις.

271 2618 416 2665 Strab.
445 2621 533 2666 xm
558 2637 602 2681 p.
633 2621 761 2668 616:
799 2611 823 2665 6
841 2614 901 2666 δὲ
929 2613 1108 2677 Κάικος
1134 2637 1224 2667 ουκ
1261 2611 1355 2667 απὸ
1382 2639 1465 2698 της
1488 2618 1622 2681 Ίδης
1655 2618 1746 2683 ῥεῖ,

167 2681 395 2747 καθάπερ
439 2686 602 2748 εἴρηκε
640 2687 969 2750 Βακχυλίδης.
1012 2681 1129 2736 οὔθ’
1169 2682 1232 2746 ὦς
1266 2681 1400 2766 (ουδ’
1441 2683 1608 2748 ὀρθῶς
1643 2694 1747 2738 Mei·

169 2755 349 2820 nekius)
376 2751 650 2818 Ευριπίδης
674 2751 756 2805 τὸν
783 2753 1038 2819 Μαρσύαν
1062 2757 1182 2819 φησὶ
1220 2753 1330 2816 (τας
1357 2757 1747 2821 διωνομασμένας

168 2824 324 2871 ναίειν
351 2853 412 2861 -
441 2823 654 2884 τόποιςζ
705 2827 860 2875 ναίειν
887 2831 1096 2876 Straboni
1122 2832 1273 2878 deberi
1299 2833 1487 2890 videtur,
1516 2831 1745 2894 Euripides

168 2893 292 2941 ναίει
317 2897 488 2946 dixerit.
