2077 3139
837 704 1281 777 PRAEFATIO.

378 888 442 933 Ad
462 885 716 946 Euripidem
742 884 1059 929 recensendum
1087 896 1186 927 cum
1213 880 1517 939 accessissem,
1539 878 1858 940 superstitibus

274 966 435 1020 poetae
459 957 621 1002 fabulis
650 955 924 1015 perditarum
959 954 1172 1013 reliquias
1207 952 1366 997 addere
1391 952 1436 995 in
1472 953 1666 995 animum
1692 950 1858 1003 induxi,

276 1037 370 1073 tum
397 1028 499 1088 quia
535 1025 730 1071 frustula
756 1025 829 1068 illa
856 1024 1151 1084 plurimorum
1189 1022 1459 1081 scriptorum
1496 1021 1763 1066 testimoniis
1790 1033 1860 1064 ce-

275 1098 471 1156 lebrata,
507 1098 599 1141 sive
634 1094 844 1139 ambitum
879 1100 1054 1153 spectes
1088 1094 1180 1137 sive
1205 1092 1425 1152 pretium,
1461 1105 1552 1136 non
1589 1091 1752 1134 debent
1785 1103 1860 1132 ne·

277 1167 399 1227 glegi
425 1175 502 1211 aut
527 1166 776 1221 contemni,
816 1171 905 1208 tum
935 1165 1034 1222 quia
1062 1162 1353 1207 collectiones
1378 1161 1717 1220 Euripideorum
1745 1160 1860 1217 frag·

277 1245 530 1282 mentorum
571 1235 624 1280 ab
667 1236 718 1279 Α.
762 1234 998 1278 Matthiaeo
1042 1239 1086 1275 et
1128 1231 1200 1277 Fr.
1246 1231 1359 1275 Guil.
1405 1230 1632 1289 Wagnero
1680 1236 1862 1288 paratae

277 1308 432 1367 aequis
457 1304 677 1350 iudicibus
704 1317 859 1363 parum
886 1302 1150 1346 videbantur
1173 1300 1370 1360 probari.
1406 1301 1558 1359 itaque
1584 1313 1699 1344 anno
1728 1297 1862 1344 1854

278 1379 323 1421 in
359 1375 491 1421 titulo
526 1375 693 1434 primae
729 1373 938 1417 editionis
964 1371 1186 1431 Euripidis
1222 1371 1497 1430 perditarum
1533 1369 1862 1428 tragoediarum

279 1446 493 1505 reliquias
529 1445 729 1504 promisi.
750 1474 755 1478 -
778 1456 880 1486 mox
915 1455 1016 1486 vero
1043 1455 1096 1486 eo
1124 1441 1298 1486 delatus
1332 1454 1427 1484 sum
1456 1447 1506 1484 ut
1541 1440 1737 1484 omnium
1776 1445 1862 1481 tra-

280 1516 481 1574 gicorum
517 1521 750 1574 poetarum
787 1513 1034 1571 fragmenta
1062 1511 1228 1555 edenda
1264 1518 1488 1569 putarem:
1528 1510 1653 1554 cuius
1690 1507 1861 1553 consilii

281 1600 390 1644 quas
414 1583 642 1628 habuerim
667 1596 872 1639 caussas,
901 1583 1062 1640 exponi
1089 1581 1157 1624 vix
1182 1581 1356 1624 attinet.
1409 1579 1616 1624 nimirum
1643 1593 1699 1623 ne
1725 1578 1862 1622 dicam

281 1663 534 1700 ceterorum
561 1666 742 1713 quoque
779 1653 1052 1710 tragicorum
1077 1650 1280 1709 reliquiis
1315 1649 1531 1708 prodesse
1557 1663 1625 1693 me
1652 1647 1864 1703 voluisse,

282 1725 485 1784 inprimis
512 1729 562 1768 ut
586 1722 743 1767 altiora
777 1722 962 1766 molirer
986 1735 1034 1764 ea
1061 1733 1109 1763 re
1134 1726 1366 1778 permotus
1401 1733 1498 1763 sum
1525 1718 1644 1778 quod
1671 1718 1713 1761 in
1740 1717 1866 1762 Euri-

283 1795 422 1854 pideis
450 1792 712 1852 fragmentis
733 1791 846 1836 haud
874 1805 1011 1850 pauca
1033 1789 1309 1834 circumferri
1337 1789 1728 1833 animadverteram
1754 1800 1866 1845 quae

283 1878 366 1909 nec
389 1863 589 1908 tribuere
626 1863 727 1906 huic
752 1869 912 1920 poetae
945 1860 1153 1904 auderem
1187 1872 1266 1903 nec
1291 1859 1487 1903 detracta
1520 1872 1609 1903 non
1645 1857 1865 1902 desidera-

283 1942 377 1979 tum
413 1934 468 1977 iri
502 1932 752 1977 arbitrarer.
804 1930 924 1975 velut
958 1930 1011 1974 ad
1036 1929 1267 1989 Polyidum
1302 1928 1526 1987 Euripidis
1559 1927 1728 1973 relatos
1762 1925 1867 1971 vidi-

282 2017 382 2048 mus
407 2017 459 2047 ex
483 2001 756 2047 Valckenarii
784 2000 1041 2045 coniectura
1066 2000 1202 2044 hosce
1227 1998 1341 2043 duos
1367 1997 1559 2042 iambos:

489 2091 668 2158 μικρόν
692 2089 741 2158 γ’
771 2092 930 2154 ἔλεξας
956 2094 1218 2158 βασιλικοῦ
1241 2085 1393 2154 σηκὸν
1416 2086 1598 2153 τάφου·

494 2163 744 2222 διπλάσιος
770 2163 911 2211 ἔστω·
937 2171 1025 2212 τοῦ
1050 2162 1209 2226 κύβου
1238 2161 1287 2210 δὲ
1312 2156 1377 2226 μὴ
1402 2163 1604 2228 σφαλῇς.

284 2283 368 2314 nec
392 2267 652 2313 dubitarunt
685 2267 736 2311 de
762 2265 970 2325 Euripide
996 2273 1071 2310 aut
1097 2265 1149 2309 de
1184 2266 1404 2324 scriptura
1430 2277 1635 2309 versuum
1663 2262 1870 2323 reliquia·

285 2353 383 2384 rum
409 2338 744 2396 Euripidearum
778 2336 975 2381 editores
1009 2335 1174 2395 aliique
1209 2334 1411 2379 homines
1436 2335 1581 2392 docti,
1607 2333 1726 2378 velut
1752 2333 1867 2392 Hey-

285 2410 387 2452 nius
414 2407 592 2452 Observ.
618 2407 670 2451 ad
695 2404 901 2465 Apollod.
927 2420 970 2464 p.
999 2403 1123 2460 222,
1160 2404 1416 2464 Bernhardy
1447 2403 1669 2448 Eratosth.
1699 2418 1740 2462 p.
1771 2402 1868 2447 175

208 2530 212 2533 .
288 2491 373 2537 sq.,
397 2477 443 2521 L.
470 2475 720 2521 Dindorfius
744 2476 789 2520 in
816 2475 944 2519 Thes.
973 2473 1043 2520 Gr.
1073 2474 1119 2519 L.
1147 2474 1234 2519 vol.
1265 2474 1293 2518 7
1319 2488 1365 2534 p.
1396 2472 1492 2519 172
1513 2474 1558 2518 Β.
1610 2473 1761 2518 docuit
1787 2487 1871 2516 nos

287 2560 367 2607 per
405 2559 537 2606 quem
579 2559 717 2591 unum
750 2545 837 2590 hos
877 2558 1030 2590 versus
1075 2546 1325 2603 accepimus
1369 2544 1583 2588 Eutocius
1635 2543 1782 2588 locum
1826 2548 1872 2586 et

287 2616 538 2675 augendum
565 2615 702 2660 fuisse
727 2622 773 2660 et
798 2614 926 2659 aliter
951 2613 1255 2659 scribendum:

496 2706 671 2771 μικρόν
695 2703 741 2772 γ’
773 2707 932 2768 ἔλεξας
955 2709 1217 2773 βασιλικοῦ
1242 2705 1395 2786 σηκὸν
1419 2702 1606 2768 τάφον

498 2775 789 2836 διπλάσιος’
772 2778 906 2826 ε’.στω
942 2779 1030 2825 τοῦ
1057 2779 1210 2825 καλοῦ
1237 2777 1288 2825 δὲ
1312 2770 1378 2840 μὴ
1402 2776 1601 2838 σφαλεὶς

499 2844 688 2906 diaria?
721 2846 925 2896 εκαστον
950 2848 1105 2896 κῶλον
1131 2846 1183 2897 ἐν
1208 2843 1340 2910 τάχει
1365 2842 1539 2910 τάφου.
