2077 3139
344 120 444 173 166
1011 124 1276 167 ΠΗΛΕΤΣ

341 260 583 325 μέμνηταί
602 281 656 328 γε
675 258 997 329 Εὖριπίδης’
976 281 1026 312 εν
1037 261 1247 314 Πελιασι
1277 267 1365 315 τοῦ
1390 261 1628 330 ὀνόματος
1653 266 1738 316 καὶ
1753 264 1935 332 Αἰσχύ-

344 335 423 391 λος
458 331 509 381 ἐν
534 327 861 413 Ἀγαμέμνονι
896 333 979 383 καὶ
1018 339 1392 396 Δικτυουλκοῖς.
1441 342 1676 402 Euripides
1713 345 1935 389 incertum

341 414 491 452 utrum
518 398 662 468 ὅβρια
688 423 743 454 au
771 399 1008 471 ὀβρίκαλα
1035 410 1211 455 dixerit.

988 560 1287 604 ΠΗΑΕΤΣ

445 646 655 693 Fortasse
682 649 794 693 hanc
819 648 1013 695 fabulam
1034 652 1284 710 respiciunt
1304 650 1516 697 Horatius
1543 652 1682 712 Epist.
1705 651 1753 710 2,
1772 652 1820 710 3,
1843 652 1933 699 95:

343 723 387 762 et
423 721 637 778 trayicus
664 721 951 779 plerumque
986 722 1109 766 dolet
1144 734 1359 767 sermone
1389 724 1604 780 pedestri
1631 723 1867 781 Telephus
1893 729 1938 769 et

340 789 527 845 Peleus,
557 802 662 834 cum
682 803 876 847 pauper
896 796 941 836 et
961 793 1076 836 exul
1103 798 1301 850 uterque
1318 795 1498 850 proiczt
1521 796 1758 851 ampullas
1777 799 1821 838 et
1838 805 1936 838 ses·

341 859 613 917 quipeclalza
642 861 803 915 cerba,
840 868 884 905 et
908 863 982 905 Ar.
1009 860 1123 906 Nub.
1157 862 1317 908 1063:
1366 853 1390 907 5
1419 860 1541 923 γοῦν
1567 853 1766 922 Πηλευς
1794 858 1937 923 ἔλαβε

343 919 422 971 διὰ
446 926 588 973 τοῦτο
617 926 695 989 (so.
724 921 806 976 δια
831 922 881 974 τὸ
909 931 1201 1006 σωφρονεῖν)
1229 947 1319 990 την
1345 947 1605 992 μαχαιραν.
1645 937 1938 994 proposuerit

340 1005 476 1075 poeta
502 995 706 1058 Πηλέως
731 992 1012 1062 συμφοράς,
1042 989 1107 1056 ὥς
1135 1016 1214 1045 νιν
1241 994 1424 1061 χθονὸς
1443 996 1684 1058 ’Ἄκαστος
1711 999 1937 1066 ἐκβέβλη-

341 1082 426 1112 κει
452 1058 476 1113 ὁ
505 1065 688 1115 Πελίου
712 1063 857 1131 γόνος
883 1071 1004 1131 (Eur.
1034 1073 1139 1118 Tro.
1172 1070 1342 1133 1127),
1372 1088 1457 1134 qua
1483 1074 1537 1119 de
1564 1089 1612 1120 re
1639 1074 1933 1135 cf.Ap0110d.

342 1138 390 1198 3,
422 1139 502 1199 13,
530 1139 558 1186 3
588 1146 631 1185 et
657 1143 911 1188 Antoninus
939 1142 1082 1187 Liber.
1111 1157 1146 1187 c.
1177 1142 1256 1189 38.

1090 1263 1192 1315 620

507 1350 608 1408 οὐκ
641 1359 787 1409 ἔστιν
818 1350 1167 1427 ἀνθρώποισι
1197 1357 1441 1420 τοιοῦτος
1472 1355 1683 1427 σκότος,

508 1434 573 1491 οὗ
605 1440 759 1509 χῶμα
790 1443 947 1508 γαίας
979 1436 1232 1512 κλῃστόν,
1266 1445 1406 1495 ἔνθα
1437 1438 1537 1512 τὴν
1567 1440 1741 1512 φύσιν

402 1593 408 1598 ⁸
507 1518 535 1575 5
571 1520 839 1595 δυσγενὴς
871 1521 1083 1595 κούφας
1115 1518 1185 1579 ἂν
1217 1531 1300 1595 εἴη
1332 1522 1515 1596 σοφός.

447 1631 570 1677 Stoh.
597 1632 717 1679 Flor.
749 1634 843 1693 90
881 1636 926 1680 7.
979 1651 1042 1683 vs.
1072 1635 1100 1680 2
1148 1635 1285 1694 χῶμα
1324 1636 1597 1695 Meinekius,
1637 1634 1775 1697 ὁῶμα
1814 1637 1935 1684 libri.

342 1716 404 1746 vs.
434 1701 462 1748 3
491 1693 691 1761 κρύψας
717 1693 778 1748 αν
805 1701 906 1768 ειή]
936 1697 1173 1763 κρύψειεν
1199 1697 1262 1752 ἂν
1289 1697 1382 1750 κᾶν
1408 1721 1438 1769 ῃ
1459 1707 1625 1765 Lewis,
1652 1700 1850 1767 κρύψας
1874 1696 1938 1753 ἂν

345 1759 532 1833 ὀφθείη
559 1775 732 1834 Enger,
769 1775 965 1821 fortasse
994 1765 1192 1835 κρύψας
1219 1764 1281 1822 οἶν
1309 1770 1481 1836 ἐκβαίη
1508 1778 1866 1837 praeseiendum.

1089 1898 1189 1951 621

509 1984 602 2041 τὸν
631 1983 799 2057 ὄλβον
830 1985 997 2044 οὐδὲν
1026 1986 1274 2060 οὐδαμοῦ
1305 1993 1475 2061 κρίνω
1507 1995 1741 2061 βροτοῖς,

510 2067 573 2125 ὅν
604 2066 648 2141 γ’
685 2072 954 2143 ἐξαλείφει
985 2075 1120 2147 ῥᾷον
1155 2069 1184 2144 ἢ
1214 2072 1435 2145 γραφὴν
1466 2072 1612 2139 θεός.

448 2181 573 2227 Stob.
602 2182 721 2228 Flor.
751 2183 833 2243 93,
866 2185 941 2231 10.

1090 2278 1192 2330 622

507 2366 569 2422 τὸ
600 2370 791 2438 γῆρας,
824 2360 865 2423 ὦ
897 2381 1014 2439 παῖ,
1047 2372 1156 2425 τῶν
1187 2370 1470 2440 νεωτέρων
1501 2374 1725 2442 φρενῶν

510 2450 825 2523 σοφώτερον
857 2454 1070 2524 πέφυκε
1101 2450 1571 2525 κάσφαλέστερον·

511 2537 759 2608 ἐμπειρία
788 2535 891 2608 γὰρ
923 2541 1017 2608 τῆς
1049 2533 1297 2608 ἀπειρίας
1328 2552 1528 2611 κρατεῖ.

446 2647 572 2693 Stoh.
600 2647 717 2693 Flor.
750 2648 876 2708 115,
905 2650 949 2696 6.
990 2665 1054 2695 vs.
1085 2650 1114 2696 3
1153 2639 1386 2711 ἡμπειρία
1410 2650 1652 2696 Porsonus.
1700 2638 1794 2712 γὰρ
1821 2649 1934 2695 Men.

342 2731 458 2763 mon.
491 2717 606 2777 169,
635 2732 682 2762 τε
709 2717 832 2763 Stoh.

1087 2799 1188 2851 623

508 2885 691 2944 κλύετ’
728 2880 769 2943 ὦ
802 2896 1011 2961 ιΜοῐραι
1042 2888 1177 2955 Διὸς
1208 2895 1269 2946 αἵ
1295 2912 1352 2947 τε
1381 2889 1529 2961 παρὰ
