2077 3139
863 156 1207 198 PRAEFATIO
1723 173 1819 206 xm

979 298 1082 345 XV

445 396 573 439 οστις
599 374 651 429 δὲ
675 376 787 438 τούς
812 376 1039 437 τεκόντας
1064 376 1116 426 ἐν
1141 379 1233 459 βίῳ
1260 377 1413 443 σέβει,

449 445 521 499 ὁδ’
553 449 649 498 ἐστὶ
676 448 758 496 καὶ
785 449 881 506 ζῶν
907 448 990 496 καὶ
1017 442 1195 497 θανων
1220 453 1356 506 θεοῖς
1383 448 1538 511 φίλος.

342 537 609 583 Stob.F10r.
638 537 728 594 79,
757 536 786 580 2
826 543 871 581 et
897 536 973 596 qui
1009 535 1152 581 tribus
1177 536 1380 581 versibus
1407 536 1650 581 auctiorem
1676 534 1824 580 locum

239 608 420 670 praebet
444 607 581 655 Orion
607 607 726 652 Flor.
753 607 901 665 Eurip.
931 606 977 651 7.
1031 601 1158 668 [Eur.
1189 606 1242 650 sr.
1273 601 1415 668 848]

864 755 1206 796 ΗΡΑΚΛΗΣ

1024 841 1051 888 Ι

449 919 506 971 οὐ
531 919 783 985 παύσομαι
806 917 889 980 τὰς
914 918 1130 986 Χάριτας

447 998 551 1052 ταῖς
577 990 809 1051 Μούσαις
834 989 1242 1057 συγκαταμιγνύς,

448 1057 650 1112 ἁδίσταν
675 1063 932 1143 συζυγίαν·

447 1126 514 1195 μὴ
540 1131 669 1198 ζῳην
695 1151 776 1196 μετ
827 1126 1074 1195 ἀμουσίας.

345 1219 467 1266 8101).
498 1221 599 1265 For.
628 1220 719 1277 81,
747 1219 791 1266 5.
842 1234 908 1265 vs.
941 1220 1047 1264 1—-
1061 1219 1088 1265 3
1126 1219 1257 1264 habet
1293 1221 1368 1264 Dio
1396 1220 1551 1280 Chrys.
1581 1219 1673 1276 32,
1713 1221 1824 1267 100.

244 1290 298 1336 cf.
324 1290 437 1335 Plut.
466 1290 574 1334 Mor.
603 1305 646 1349 p.
671 1288 769 1334 243
798 1292 847 1333 Α.
895 1304 955 1334 vs.
988 1290 1013 1334 1
1044 1296 1087 1333 et
1115 1288 1143 1332 2
1172 1290 1320 1334 Schol.
1347 1290 1524 1336 Hesiod.
1549 1291 1717 1350 Theog.
1746 1291 1826 1337 64.

244 1360 298 1406 cf.
326 1360 535 1419 Agathias
564 1359 611 1417 3,
642 1360 684 1404 1.
738 1354 890 1421 [Herc.
920 1358 968 1407 F.
999 1354 1311 1420 (ΠΒ-676]

1008 1482 1066 1531 Π

451 1547 628 1614 ἐσχάρα

348 1638 498 1684 Schol.
525 1639 574 1683 ll.
599 1633 671 1696 K,
704 1638 830 1685 418:
867 1634 1011 1696 δηλοῖ
1038 1632 1088 1683 δὲ
1113 1627 1143 1694 ἦ
1173 1633 1294 1692 λέξις
1329 1637 1406 1696 (sc.
1434 1632 1624 1698 ἐσχάρα)
1652 1664 1720 1671 —-
1747 1633 1826 1683 7.ch

244 1697 328 1753 τὸν
353 1700 545 1769 βωμόν,
585 1698 647 1762 ὡς
673 1699 793 1767 παρ’
832 1700 1080 1771 Εὐριπίδῃ
1107 1702 1158 1751 ἐν
1180 1702 1424 1763 Ἡρακλεῖ.
1476 1710 1534 1756 cs.
1560 1709 1685 1753 Eust.
1711 1709 1759 1753 ΙΙ.
1787 1724 1825 1768 ρ.

245 1779 362 1837 815,
392 1778 454 1823 11
493 1777 633 1838 Etym.
660 1778 712 1823 M.
740 1792 783 1837 p.
813 1777 930 1836 384,
961 1779 1039 1825 13.
1095 1773 1247 1840 [Herc.
1276 1777 1322 1821 F.
1353 1772 1492 1840 922]

1001 1901 1084 1948 ΠΙ

453 1983 637 2046 μέλλων
663 1981 715 2032 δὲ
741 1981 891 2031 δαλὸν
915 1981 1037 2046 χειρὶ
1066 1982 1198 2063 δεξιᾷ
1225 1981 1412 2046 φέρειν.

453 2052 499 2111 ἐς
524 2047 707 2116 χέρνιβ’
737 2047 798 2111 ὡς
822 2052 1050 2117 βαψειεν,
1068 2034 1342 2116 Ἀλκμήνης
1364 2049 1507 2117 γόνος

349 2140 497 2186 Schol.
524 2143 598 2187 Ar.
625 2141 725 2186 Pac.
755 2140 868 2187 959.
921 2156 984 2185 vs.
1014 2139 1042 2184 2
1071 2140 1200 2186 affert
1225 2143 1328 2186 Atb.
1358 2141 1412 2186 lX
1438 2157 1480 2201 p.
1508 2141 1607 2189 409
1639 2143 1667 2186 Β
1706 2141 1829 2188 Eust.

247 2209 325 2255 od.
359 2225 403 2270 p.
435 2209 594 2265 1401,
625 2211 704 2255 11.
765 2206 919 2273 [Herc.
957 2210 1004 2254 F.
1034 2210 1132 2256 928
1160 2211 1248 2270 sq.]

1001 2333 1078 2382 IV

452 2420 582 2464 χρονι
580 2402 671 2450 ’σαι

350 2490 535 2534 Antiatt.
563 2505 604 2548 p.
635 2489 757 2540 116,
788 2490 874 2536 13.
902 2485 1143 2548 χρονίσαι·
1170 2478 1223 2534 τὸ
1248 2485 1507 2551 βραδῦναι.
1560 2482 1836 2551 Εὐριπίδης

241 2546 482 2617 Ἠρακλεῖ.
539 2553 693 2622 [Herc.
720 2559 765 2602 F.
795 2555 937 2622 930]

1022 2684 1070 2731 V

457 2763 511 2811 ἐκ
536 2764 677 2812 τοῦδε
702 2765 891 2827 βαίνων
915 2759 1090 2828 ἅρματ’
1120 2758 1211 2813 οὐκ
1239 2764 1363 2827 ἔχων
1389 2765 1518 2828 ἔχειν

455 2833 653 2896 ἔφασκε,
682 2835 862 2897 δίφρου
890 2829 937 2881 δ’
965 2834 1230 2898 εἰσέβαινεν
1256 2833 1471 2899 ἄντυγας

457 2900 677 2966 κᾶθεινε,
703 2904 905 2969 κέντρον
930 2904 1084 2968 δῆθεν
1112 2899 1176 2964 ὥς
1202 2904 1324 2969 ἔχων
1349 2907 1467 2970 χερί.
