2077 3139
333 164 434 218 286
927 164 1321 205 INCERTARVM

1058 302 1193 354 1030

503 390 898 464 συγγνώμονάς
928 415 1010 447 τοι
1039 389 1166 456 τούς
1196 389 1365 456 θεοὺς
1399 391 1543 447 εἶναι
1574 396 1775 463 δοκεῖς,

503 475 634 533 ὅταν
663 500 742 542 τις
773 475 918 551 ὅρκῳ
950 473 1198 531 θάνατον
1231 477 1495 546 ἐκφυγεῖν
1525 477 1665 547 θέλῃ

504 556 536 630 ἢ
571 558 772 632 δεσμὸν
802 557 835 630 ἢ
869 565 1022 630 βίαια
1054 565 1330 630 πολεμίων
1362 557 1522 628 κακά,

503 640 536 715 ἢ
568 646 756 700 παισὶν
787 641 1112 700 αὐθένταισι
1142 645 1381 714 κοινωνῇ
1413 643 1627 713 δόμων;

503 727 537 800 ἤ
569 728 705 799 τᾶρα
735 730 962 799 θνητῶν
995 732 1137 782 εἰσιν
1167 724 1584 797 ἀσυνετώτεροι,
1737 742 1763 783 5

507 818 556 868 εἰ
584 812 834 882 τάπιεικῆ
867 809 1117 882 πρόσθεν
1148 809 1410 881 ἡγοῦνται
1442 815 1613 882 δίκης.

444 924 570 969 stol).
617 924 734 968 Flor.
782 923 874 980 28,
931 922 1017 967 12:
1070 912 1361 976 Εὐριπίδου.
1437 914 1819 981 (συγγνώμονάς
1867 945 1927 955 —-·

340 991 468 1038 κακά
496 994 577 1052 (vs.
613 993 776 1051 1—3).
828 994 1052 1051 integrum
1078 992 1226 1037 locum
1253 994 1348 1036 sinc
1375 991 1582 1036 lemmate
1610 991 1734 1037 Siob.
1763 992 1851 1037 Ecl.
1884 995 1931 1050 1,

339 1064 395 1121 3,
432 1064 500 1110 40
538 1078 583 1123 p.
613 1063 710 1109 126
748 1063 953 1108 servavit.
1019 1077 1078 1106 vs.
1111 1063 1136 1106 1
1177 1056 1335 1123 δοκεῖ]
1365 1056 1521 1115 δοκεῖς
1558 1061 1676 1107 Flor.
1716 1062 1852 1107 codex
1880 1065 1928 1106 A.

338 1148 402 1179 vs.
429 1134 461 1179 4
488 1128 659 1177 παισὶν
688 1140 968 1192 corruptum,
993 1132 1149 1176 τοῖσιν
1176 1131 1501 1177 Valckenarius.

1060 1266 1189 1318 1031

506 1354 614 1414 οὔτ’
652 1360 709 1412 ἐκ
739 1357 892 1428 χερὸς
922 1359 1162 1428 μεθέντα
1193 1355 1457 1426 καρτερὸν
1488 1362 1653 1413 λίθον

512 1446 647 1516 ῥᾷον
679 1453 970 1512 κατασχεῖν
1001 1437 1110 1495 οὔτ’
1145 1439 1249 1495 ἀπὸ
1280 1438 1528 1511 γλώσσης
1560 1440 1739 1511 λόγον,

444 1553 569 1598 Stoi).
604 1552 723 1597 Flor.
763 1553 854 1609 36,
894 1552 982 1597 14:
1020 1542 1339 1610 Μενάνδρου.
1393 1541 1522 1594 (οὔτ’
1563 1546 1615 1595 ἐκ
1642 1578 1707 1584 —
1734 1543 1929 1611 λόγον’.

339 1623 498 1682 tragici
534 1630 694 1682 poetae
729 1623 876 1667 locun]
914 1635 1013 1666 esse
1048 1622 1238 1666 coniecit
1274 1621 1517 1666 Meinekius
1554 1620 1674 1666 Com.
1700 1621 1733 1666 4
1769 1636 1812 1681 p.
1839 1621 1930 1666 XIII

341 1709 408 1753 sq.
424 1729 437 1750 ,
484 1708 614 1752 quam
651 1695 954 1737 coniecturam
999 1692 1231 1736 confirmat
1265 1692 1404 1736 codex
1441 1691 1648 1748 vindob„
1698 1692 1774 1737 uhi
1814 1693 1931 1736 inse-

340 1763 495 1823 quenti
523 1763 746 1822 Euripidis
773 1763 873 1807 loco
901 1759 987 1805 τοῦ
1013 1754 1163 1806 αὐτοῦ
1195 1758 1402 1814 Δίκτυος
1427 1761 1591 1820 praefig
1601 1763 1706 1807 itur.
1747 1762 1932 1843 respicit

339 1833 453 1878 plut.
483 1833 591 1878 Mor.
618 1848 661 1892 p.
678 1833 848 1879 507A:
875 1823 984 1876 οὔτε
1009 1846 1102 1891 γαρ
1128 1820 1313 1888 πτηνὸν
1341 1825 1392 1875 ἐκ
1418 1829 1512 1874 τῶν
1540 1829 1717 1891 χειρῶν
1742 1823 1933 1889 ἀφέντα

340 1894 516 1967 ῥαὸιόν
544 1898 674 1948 ἐστιν
711 1893 863 1956 αὖθις
889 1903 1143 1962 κατασχεῖν
1178 1893 1288 1946 οὔτε
1315 1894 1457 1961 λόγον
1494 1895 1543 1945 ἐκ
1578 1899 1664 1945 τοῦ
1699 1895 1932 1978 στόματος

339 1970 606 2033 προέμενον
642 1971 879 2030 κρατῆσαι
915 1967 998 2016 καὶ
1039 1969 1296 2031 συλλαβεῖν
1333 1963 1558 2018 δυνατόν.
1619 1986 1681 2016 vs.
1723 1972 1748 2016 1
1795 1960 1933 2032 χερὸς

339 2039 575 2105 μεθέντα]
605 2041 755 2102 χερῶν
781 2034 967 2102 αφέντα
992 2043 1157 2102 legisse
1184 2043 1358 2087 videtur
1383 2041 1495 2087 Plut.

1071 2177 1204 2229 1032

510 2268 583 2340 μὴ
615 2266 786 2340 κάμνε
816 2272 1052 2339 πατρίδα
1084 2265 1188 2337 σὴν
1218 2272 1408 2337 λαβεῖν
1440 2263 1787 2339 πειρώμενος.

447 2381 571 2426 stol).
609 2380 726 2425 Flor.
766 2379 857 2437 39,
896 2379 924 2423 2
962 2381 1058 2424 sine
1094 2379 1324 2424 lemmate:
1360 2367 1455 2436 εμὴ
1490 2403 1552 2409 -
1590 2370 1927 2436 πειρώμενος’.

342 2452 548 2511 sequitur
590 2451 932 2494 Phoenissarum
987 2449 1140 2507 locus,
1193 2449 1262 2494 cui
1308 2446 1392 2492 τοῦ
1445 2439 1598 2492 αὐτοῦ
1645 2443 1930 2501 Φοινίσσαις

343 2519 548 2580 praefigit
577 2520 759 2564 vindob.
811 2513 1008 2579 πατρίδι
1033 2516 1292 2578 συλλαβεῖν
1319 2517 1503 2578 Maehly.

1074 2654 1205 2706 1033

511 2747 714 2800 πολλοῦ
745 2741 848 2814 γὰρ
880 2747 1089 2814 χρυσοῦ
1121 2745 1210 2798 καὶ
1241 2741 1484 2799 πλούτου

511 2834 781 2884 κρείσσων
814 2826 990 2895 πάτρα
1022 2825 1267 2898 σώφρονι
1299 2833 1490 2883 ναίειν.

512 2910 568 2966 τὸ
603 2912 660 2967 δὲ
692 2910 1004 2983 σύντροφον
1034 2906 1145 2966 ἁδύ
1175 2934 1225 2966 τι
1254 2920 1480 2981 θνητοῖς
