2077 3139
850 114 1081 158 ΦΡΙΞοΣ
1645 113 1747 165 231

275 259 467 305 Galenus
493 258 579 304 vol.
609 257 638 304 5
638 272 706 333 p
735 257 836 304 418
864 272 932 318 sq.
959 258 1063 316 (vol.
1093 258 1120 303 1
1150 273 1192 318 p.
1220 257 1317 304 283
1345 258 1412 303 ed.
1438 257 1586 316 Basil„
1611 257 1697 302 vol.
1703 255 1748 303 5

170 344 214 390 p.
247 329 342 375 152
370 326 566 388 Chartff)
604 318 730 371 ου’τω
758 324 809 372 δὲ
845 323 1074 387 εἰρησθαί
1096 338 1215 388 φησι
1241 322 1323 371 καὶ
1360 319 1418 371 τὰ
1442 324 1642 371 τοιαῦτα
1681 323 1755 371 (εἰ

168 393 258 457 μὲν
285 424 350 432 —
376 395 571 442 κακῶν’
638 396 831 442 fabulam
869 398 1032 443 indicat
1059 398 1238 442 Tzetzes
1275 397 1331 453 (v.
1359 398 1414 442 fr.
1442 395 1576 453 816).
1626 411 1689 441 vs
1718 396 1748 442 3

171 470 354 527 lespieit
388 467 529 527 Etym.
564 466 615 511 M.
655 481 698 526 p.
738 466 864 524 737,
903 467 964 511 17
1002 467 1073 525 (cs.
1108 466 1236 511 Phot
1274 466 1370 511 Lex.
1408 481 1449 526 p.
1477 467 1604 532 559,
1641 466 1669 511 7
1706 473 1750 511 et

171 537 293 582 Suid.
331 553 370 581 v.
405 527 714 596 σφαδάζειν);
755 530 807 579 ἐν
843 502 893 581 δὲ
926 533 995 599 τῷ
1028 532 1274 600 ῥητορικῷ
1311 533 1483 599 λεξικῷ
1518 525 1664 596 εὗρον
1697 525 1749 579 τὸ

167 600 433 665 σφαδάζειν
474 602 727 681 σημαίνειν
759 597 813 650 τὸ
857 601 1208 662 δυσθανατεῖν,
1252 602 1467 664 ματαίως
1510 603 1748 659 σπᾶσθαι,

168 674 501 735 χαλεπαίνειν,
528 663 618 734 μετ’
649 664 798 735 ὀργῆς
823 667 1095 734 στεναζειν,
1122 666 1182 730 ὡς
1208 666 1497 732 Ευριπίδης.
1547 675 1623 720 uhi
1648 675 1746 720 cod.

169 746 363 791 Florent.
391 749 435 792 in
461 744 616 790 Milleri
644 744 889 821 Me'lanyes
913 747 970 791 de
993 748 1080 791 litt.
1109 745 1186 791 Gr.
1222 761 1263 805 p.
1294 744 1392 790 275
1421 745 1562 790 addit.
1598 740 1640 789 εἰ
1662 739 1750 803 μὲν

173 840 232 848 —
261 810 567 878 κακουμένῳ,
595 806 721 869 εἰκὸς
747 805 1055 872 σφαδαζειν
1035 806 1111 860 α’ν.
1161 800 1305 877 ἧν]μ’
1333 805 1395 872 ἠν
1421 815 1583 859 malim.
1634 829 1694 859 vs.
1720 813 1749 860 5

169 886 338 941 κακοῖς
381 885 709 931 Valckenarius.
779 885 933 930 latine
974 886 1058 930 hos
1098 897 1254 930 versus
1297 884 1620 944 interpretatur
1662 883 1751 930 Cic.

167 955 297 1001 Tusc.
327 954 376 1013 3,
403 955 486 1013 28,
507 955 587 1001 67.

916 1018 1018 1071 819

334 1108 476 1178 γυνὴ
507 1106 608 1180 γὰρ
643 1109 701 1163 ἐν
730 1122 942 1164 κακοῖσι
972 1110 1064 1163 καὶ
1092 1105 1274 1173 νόσοις
1304 1105 1461 1164 πόσει

334 1189 559 1262 ἥδιστόν
591 1194 700 1246 ἐστι
734 1188 936 1263 δώματ’
969 1188 1038 1262 ἢν
1068 1194 1191 1263 οἰκῇ
1221 1195 1417 1262 καλῶς,

334 1273 504 1346 ὀργήν
535 1298 592 1331 τε
622 1273 944 1345 πραΰνουσα
975 1277 1064 1330 καὶ
1097 1280 1407 1346 δυσθυμίας

754 1355 1172 1376 ηηηηη

271 1454 397 1500 Stob.
435 1435 554 1500 Flor.
595 1456 684 1514 67,
724 1433 802 1501 15.
865 1455 1046 1501 eosdem
1080 1469 1236 1500 versus
1275 1455 1408 1500 habet
1441 1457 1673 1515 Antipater
1706 1458 1749 1501 in

166 1523 288 1569 Stob.
317 1524 436 1570 Flor.
468 1525 556 1583 67,
594 1524 673 1570 25.
724 1540 785 1571 vs.
816 1527 841 1571 1
880 1525 1072 1569 κακοῖσι
1108 1520 1190 1569 καὶ
1231 1518 1412 1587 νόσοις]
1447 1518 1631 1570 νόσοισι
1666 1521 1750 1570 καὶ

166 1594 336 1648 κακοῖς
360 1594 460 1640 loco
488 1594 643 1640 altero.

914 1672 1016 1724 820

335 1759 501 1816 δίκαι’
540 1763 709 1827 ἔλεξε·
742 1762 842 1834 χρὴ
873 1759 975 1833 γάρ
1010 1758 1213 1836 εὐναίῳ
1244 1761 1399 1818 πόσει

333 1858 570 1915 γυναῖκα
601 1850 756 1918 κοινῇ
787 1844 878 1909 τὰς
909 1844 1074 1918 τύχας
1105 1848 1296 1917 φέρειν
1325 1843 1425 1902 ἀεί.

272 1939 398 1987 Stob.
426 1941 545 1986 Flor.
577 1941 657 2000 74,
686 1942 765 1988 31.

911 2019 1011 2072 821

334 2105 404 2172 ὡς
435 2103 584 2178 ὑγιὲς
615 2105 778 2164 οὐδὲν
810 2110 945 2180 φασὶ
976 2107 1239 2181 μητρυιὰς
1270 2123 1502 2181 φρονεῖν

334 2189 550 2247 νόθοισι
580 2198 788 2263 παισίν,
822 2185 899 2249 ὧν
929 2192 1235 2265 φυλάξομαι
1266 2193 1453 2264 ψόγον.

271 2286 543 2334 stoh.F10r.
573 2289 654 2350 73,
685 2289 765 2335 35.
816 2304 877 2334 vs.
908 2289 936 2334 2
967 2273 1058 2351 ὧν]
1085 2282 1142 2334 ὃν
1168 2291 1332 2337 malim.

914 2409 1015 2460 822

333 2501 604 2562 κρείσσων
637 2497 697 2552 δὲ
726 2497 877 2567 βαιὸς
907 2495 1065 2568 ὄλβος
1096 2496 1339 2570 ἀβλαβὴς
1369 2506 1584 2573 βροτοῖς

334 2575 367 2650 ἢ
400 2582 552 2650 δῶμα
595 2579 810 2656 πλούτῳ
844 2586 1123 2652 δυσσεβῶς
1157 2579 1497 2655 ω’γκωμένον.

272 2675 398 2722 Stob.
426 2676 544 2722 Flor.
575 2677 656 2735 94,
685 2677 730 2723 2.

911 2757 1013 2809 823

336 2839 413 2898 δι’
447 2845 662 2909 ἐλπίδος
694 2848 752 2915 ζῆ
784 2847 872 2901 καὶ
906 2842 981 2901 δι’
1016 2849 1232 2914 ἐλπίδος
1262 2849 1478 2921 τρέφου.
