2077 3139
222 137 276 171 Ἦ
823 102 1187 158 ῬΒΑΕΡΑΤΙΟ

225 261 486 322 Euripideos
512 275 612 307 esse
636 274 789 306 versus
816 273 899 304 nec
932 259 1116 303 relatum
1146 272 1333 318 usquam
1368 257 1560 317 legimus
1586 271 1667 304 nec
1701 271 1805 318 poa·

225 346 377 376 sumus
404 331 584 377 credere
610 329 946 374 affirmantibus.
999 335 1047 372 ut
1075 329 1188 372 enim
1215 327 1384 387 Polyidi
1411 327 1602 373 fabulam
1631 336 1807 386 praeter

224 401 477 461 Euripidem
504 399 707 445 tractavit
735 399 778 443 in
802 391 1027 443 Μάντεσι
1053 393 1303 457 Sophocles⁴
1326 411 1377 442 ac
1402 397 1595 442 sortasse
1615 396 1806 456 Aeschy-

225 470 295 515 lus
323 471 365 514 in
393 459 654 529 Κρήσσαις,
683 470 742 513 ita
768 482 915 512 rerum
942 467 1351 511 mathematicarum
1378 468 1650 526 ignorantia,
1678 479 1808 526 quam

228 540 411 585 Eutocio
450 547 562 584 teste
588 538 902 584 Eratosthenes
937 539 981 582 in
1009 536 1153 581 allatis
1181 536 1382 581 versibus
1418 549 1499 581 suo
1536 536 1631 581 iure
1659 550 1811 594 repre-

225 609 406 663 hendit,
445 609 739 667 antiquiorem
769 608 919 665 potius
957 607 1169 664 tragicum
1199 613 1372 664 poetam
1400 619 1529 665 quam
1556 605 1809 665 Euripidem

228 681 361 737 sapit,
387 692 467 723 nec
492 677 664 722 dicendi
693 691 837 738 genus
861 676 1117 735 Euripidem
1143 675 1316 720 videtur
1342 689 1546 734 arguere.
1584 675 1662 720 sed
1688 677 1811 735 quis·

227 748 327 807 quis
353 761 556 792 versuum
585 753 742 791 auctor
768 746 878 803 suit,
917 745 1024 790 satis
1053 746 1207 805 utique
1234 759 1417 790 caussae
1444 752 1539 790 erat
1565 759 1645 789 cur
1669 744 1810 789 nolle-

226 832 324 861 mus
364 816 637 861 Valckenarii
673 817 974 861 coniecturam
1012 815 1236 874 adoptare.
1297 829 1379 860 nec
1415 821 1560 859 tamen
1596 827 1676 874 par
1718 822 1813 860 erat

227 887 452 931 hominum
480 886 710 931 doctorum
738 887 1085 944 expectationem
1113 884 1205 930 salli
1232 884 1410 930 excluso
1436 884 1538 929 loco
1566 898 1645 941 eo,
1681 898 1811 944 quem

229 965 273 1000 et
298 955 642 1000 emendatiorem
671 960 715 999 et
740 956 983 999 auctiorem
1008 954 1163 999 liceret
1185 967 1452 1013 proponere.
1486 955 1638 1013 itaque
1658 967 1813 1000 versus

226 1025 328 1070 illos
355 1026 471 1069 inter
495 1025 706 1083 adespota
735 1026 899 1084 tragica
927 1024 1173 1083 fragmenta
1195 1023 1427 1069 reserenda
1453 1024 1813 1069 existimabamus

226 1109 313 1139 uua
338 1109 437 1140 cum
464 1095 561 1138 aliis
588 1094 791 1153 plurimis
817 1093 946 1151 locis,
975 1108 1087 1153 quos
1112 1107 1211 1139 cum
1238 1094 1436 1152 tragicos
1463 1107 1561 1138 esse
1587 1092 1653 1137 vel
1680 1094 1813 1140 scire-

227 1179 323 1209 mus
368 1164 434 1210 vel
481 1165 836 1223 suspicaremur,
880 1171 1002 1208 certo
1047 1164 1220 1208 cuidam
1264 1170 1422 1222 poetae
1458 1163 1680 1208 vindicare
1722 1178 1813 1209 non

226 1234 394 1279 liceret.
455 1234 665 1293 adespota
700 1241 845 1278 autem
883 1235 1050 1292 tragica
1085 1234 1333 1293 fragmenta
1372 1247 1460 1278 non
1494 1240 1703 1293 poterant
1741 1234 1814 1278 ad·

227 1305 342 1348 mitti
369 1305 452 1348 nisi
479 1304 521 1347 in
545 1303 740 1348 omnium
769 1304 1041 1363 tragicorum
1066 1310 1299 1362 poetarum
1321 1302 1533 1362 reliquiiS.
1577 1317 1687 1362 quas
1714 1317 1813 1349 cum

227 1387 342 1418 anno
367 1372 498 1419 1856
525 1372 847 1429 emisissemus,
876 1374 982 1418 haec
1002 1373 1221 1432 Euripidis
1248 1373 1382 1418 editio
1409 1374 1544 1418 tertio
1571 1374 1814 1431 volumine,

229 1443 347 1502 quod
373 1442 647 1502 perditarum
672 1442 1000 1500 tragoediarum
1028 1443 1287 1502 fragmentis
1308 1443 1701 1498 destinaveramus,
1729 1444 1816 1489 huc

227 1525 370 1572 usque
406 1512 615 1557 destituta
652 1513 828 1557 mansit.
891 1525 1007 1557 nunc
1043 1513 1215 1557 tandem
1250 1514 1392 1557 visum
1429 1519 1497 1556 est
1542 1514 1813 1572 promissum

228 1581 400 1626 solvere
434 1589 480 1626 et
515 1597 566 1627 ex
601 1581 817 1640 ampliore
860 1581 935 1627 illo
974 1595 1107 1642 opere
1142 1582 1399 1641 Euripideas
1435 1581 1643 1642 reliquias
1687 1596 1813 1643 sepa·

227 1653 355 1696 ratim
393 1658 608 1710 repetere.
673 1665 803 1710 quam
841 1665 932 1696 rem
970 1652 1030 1696 ita
1067 1653 1242 1696 institui
1279 1659 1328 1696 ut
1361 1665 1449 1696 non
1486 1653 1702 1711 integram
1739 1654 1814 1697 ad·

227 1721 375 1765 derem
405 1722 655 1780 scripturae
681 1721 937 1766 varietatem
966 1722 1069 1766 olim
1097 1722 1354 1778 collectam,
1390 1722 1465 1766 sed
1493 1729 1628 1780 prout
1653 1722 1814 1768 biblio-

229 1791 383 1835 thecae
428 1791 760 1836 Teubnerianae
805 1792 962 1835 modus
1006 1793 1228 1849 exigeret,
1281 1799 1438 1850 poetae
1486 1791 1617 1837 verba
1667 1792 1814 1837 darem

230 1866 443 1919 quantum
478 1860 632 1905 liceret
659 1860 887 1905 emendata
913 1874 965 1905 ac
989 1861 1137 1906 sontes
1173 1861 1290 1906 unde
1316 1861 1482 1921 singuli
1517 1861 1604 1906 loci
1632 1862 1814 1907 derivati

228 1936 379 1974 essent
413 1930 565 1989 paucis
602 1930 854 1975 indicarem.
914 1931 1045 1974 simul
1081 1945 1184 1976 vero
1221 1945 1400 1990 operam
1427 1931 1525 1975 dedi
1561 1938 1611 1976 ut
1646 1933 1681 1976 si
1710 1932 1814 1991 quid

228 1999 333 2044 olim
361 2013 382 2043 a
409 2013 478 2043 me
513 2013 601 2044 non
628 2005 750 2045 recte
785 1999 1135 2045 administratum
1163 2007 1309 2058 esset,
1347 2002 1429 2045 hac
1453 2000 1648 2046 editione
1675 2003 1815 2046 corri-

227 2082 405 2126 gerem,
440 2083 489 2114 ac
515 2083 646 2128 spero
673 2071 729 2114 iis
756 2068 833 2128 qui
870 2071 1038 2115 maiore
1067 2069 1261 2114 editione
1286 2070 1429 2116 adhue
1454 2071 1524 2115 usi
1550 2077 1654 2114 sunt
1681 2071 1814 2116 huius

227 2136 365 2182 libelli
391 2138 656 2183 tenuitatem
682 2151 770 2183 non
798 2139 894 2182 sore
919 2140 1135 2184 inutilem.
1188 2156 1210 2184 a
1239 2143 1436 2185 numeris
1461 2140 1812 2198 fragmentorum

227 2206 332 2252 olim
360 2209 548 2266 positiS,
588 2222 702 2267 quos
728 2207 977 2253 Dindorfius
1015 2210 1058 2253 iu
1086 2211 1239 2268 quinta
1263 2209 1496 2255 Poetarum
1535 2212 1813 2256 scenicorum

227 2276 419 2322 editione
444 2286 626 2322 secutus
654 2285 747 2328 est,
784 2291 885 2322 raro
914 2278 1113 2324 discessi.
1163 2280 1224 2323 ita
1250 2293 1424 2324 versum
1458 2276 1604 2337 κῆτος
1630 2271 1816 2333 θοάζον

227 2340 273 2402 ἐξ
303 2338 615 2405 Ἀτλαντικῆς
649 2337 764 2400 ἁλός
801 2344 923 2406 (olim
949 2349 1032 2393 inc.
1062 2347 1147 2392 sab.
1184 2349 1237 2393 l'r.
1267 2348 1385 2407 949)
1410 2349 1464 2394 ad
1490 2349 1813 2394 Andromedam

225 2415 481 2461 rettulimus
507 2415 563 2475 (v.
592 2417 648 2460 sr.
680 2410 805 2463 134¹>
838 2417 970 2462 huius
1006 2414 1127 2477 edit.)
1166 2419 1408 2463 secundum
1445 2418 1649 2464 scholion
1688 2419 1814 2464 Euri·

224 2486 402 2545 pideum
429 2500 451 2530 a
471 2486 694 2531 Dindorlio
723 2486 905 2532 editum.
947 2487 1001 2532 fr.
1027 2487 1160 2534 1086
1186 2489 1351 2548 prioris
1376 2489 1480 2533 edit.
1504 2488 1646 2533 suerat
1671 2489 1814 2534 forma
1882 2497 1897 2511 ·

225 2552 311 2613 λῇς
346 2555 390 2599 in
425 2555 565 2614 Etym.
602 2556 655 2600 Μ.
694 2569 744 2601 cx
777 2554 983 2615 Euripide
1019 2557 1174 2602 allata:
1222 2561 1369 2618 ipsum
1404 2565 1563 2618 poetae
1607 2557 1752 2603 locum
1789 2571 1814 2603 e

223 2623 448 2669 Plisthene
485 2624 795 2684 depromptum
823 2627 1012 2670 servavit
1037 2627 1175 2671 codex
1201 2626 1513 2684 Florentinus,
1542 2629 1670 2672 cuius
1696 2627 1813 2672 noti-

226 2693 329 2737 tiam
365 2693 577 2739 debemus
603 2694 649 2740 E.
676 2694 846 2740 Millero
873 2697 931 2752 (v.
960 2696 1013 2740 fr.
1042 2691 1168 2742 627b
1195 2697 1328 2741 huius
1355 2693 1500 2757 edic).
1549 2704 1812 2758 corruptum

225 2761 333 2807 illud
370 2776 566 2822 syrseen
602 2778 777 2822 oper-su
812 2764 886 2821 (sr.
918 2765 1051 2811 1104
1087 2780 1155 2825 pr.
1185 2765 1333 2824 edit.),
1374 2766 1493 2825 quod
1527 2766 1728 2811 Lutatius
1768 2767 1811 2810 in

224 2831 332 2876 Stat.
361 2832 496 2878 Theb.
526 2833 582 2891 5,
622 2834 719 2880 163
756 2848 799 2894 p.
832 2834 928 2879 171
959 2835 1026 2879 etl.
1056 2835 1292 2881 Liudenbr.
1323 2835 1482 2893 habet,
1512 2835 1596 2880 iam
1623 2836 1811 2881 exclusi-
