2077 3139
791 128 1134 170 THMENIAAI
1660 120 1758 173 197

924 267 1025 319 728

405 367 616 433 ,φιλεῖ
641 381 723 414 τοι
753 355 982 428 πόλεμος
1013 379 1079 411 ου
1111 353 1333 410 πάντων
1362 365 1566 424 τυχεῖν,

347 449 564 503 ἐσθλῶν
597 443 656 498 δὲ
687 449 862 514 χαίρει
892 439 1174 512 πτωμασιν
1203 440 1457 506 νεανιῶν,

347 551 548 592 κακονς
581 528 642 582 δε
672 539 832 597 μισεῖ.
880 529 944 597 τῇ
975 521 1130 580 πόλει
1158 545 1257 594 μεν
1288 521 1387 576 οὐν
1418 518 1581 584 νόσος

348 610 463 669 τόδ’
502 614 632 681 ἐστί,
665 623 776 674 τοῖς
809 609 869 664 δε
900 609 1279 663 κατθανοῦσιν
1312 601 1542 667 εὐκλεές.

285 710 410 757 Stob.
438 708 560 755 Flor.
589 708 674 765 50,
705 709 748 754 1.

933 796 1033 850 729

351 889 493 958 εἰκὸς
527 890 585 945 δὲ
617 890 780 945 παντὶ
810 889 900 943 καὶ
932 885 1074 962 λόγῳ
1106 886 1196 940 καὶ
1227 885 1438 956 μηχανῇ

351 979 613 1045 πατρίδος
646 975 881 1043 ἐρῶντας
914 974 1165 1027 ἐκπονεῖν
1197 975 1487 1039 σωτηρίαν.

290 1073 416 1119 stab,
444 1073 567 1118 Flor.
596 1070 679 1128 39,
710 1071 752 1115 1.

932 1160 1034 1213 730

359 1253 542 1311 ἅπασα
571 1249 992 1323 Πελοπόννησος
1027 1247 1241 1320 ευτυχεῑ
1270 1245 1423 1311 πόλις

294 1353 450 1399 Pollux
477 1352 525 1410 9,
553 1351 641 1397 27:
678 1350 779 1404 τοῖς
804 1341 896 1428 γὰρ
921 1347 1144 1418 ποιηταῖς
1177 1339 1258 1389 καὶ
1285 1332 1370 1398 τὰς
1397 1335 1557 1402 χώρας
1584 1334 1721 1401 λεχοῖ
1727 1349 1776 1384 σι

192 1415 355 1478 πόλεις
381 1413 438 1467 οὐ
472 1414 785 1481 προσεκτέον.
815 1408 877 1474 ὡς
902 1408 1010 1474 παρ’
1040 1405 1292 1478 Εὐριπίδῃ
1317 1439 1379 1446 -
1409 1408 1459 1457 ἐν
1489 1412 1616 1472 Τημε
1622 1407 1777 1464 νίὸαις

192 1487 390 1540 ζι’ἷῖπασοι
420 1517 476 1526 -
508 1482 672 1544 πόλις,

944 1580 1041 1632 731

360 1673 462 1732 οὐκ
493 1681 603 1730 ἔστι
634 1684 888 1744 κρεῖσσον
918 1667 1050 1725 ἄλλο
1081 1666 1224 1738 πλὴν
1256 1677 1474 1740 κρατεῖν
1507 1668 1642 1736 δορί.

300 1772 426 1819 Stob.
455 1771 573 1817 Flor.
602 1771 685 1828 51,
714 1770 758 1814 2.

945 1858 1046 1911 732

365 1952 518 2027 ῥώμη
552 1955 615 2008 δέ
639 1949 688 2008 τ’
724 1948 941 2023 ἀμαθὴς
972 1946 1232 2013 πολλάκις
1261 1953 1428 2003 τίκτει
1460 1941 1689 2016 βλάβην.

304 2051 427 2098 Stob.
454 2051 571 2096 Flor.
601 2049 685 2108 54,
714 2050 794 2094 17.
844 2038 906 2110 τ’]
933 2038 972 2105 γ’
1002 2046 1224 2091 Matthiae.

948 2168 1048 2221 733

368 2275 481 2326 τοῖς
511 2266 678 2316 πᾶσιν
709 2256 1056 2328 ἀνθρώποισι
1086 2266 1385 2313 κατθανεῖν
1414 2254 1578 2325 μένει.

372 2342 556 2401 κοινὸν
587 2340 638 2400 δ’
675 2349 884 2416 ἔχοντες
916 2339 1047 2397 αὐτὸ
1079 2339 1232 2395 κοινὰ
1262 2337 1538 2409 πάσχομεν

371 2427 594 2493 πάντες
625 2426 684 2483 τὸ
715 2427 817 2497 γὰρ
848 2449 1023 2499 χρεων
1054 2430 1235 2496 μεῖζον
1265 2419 1298 2494 ἢ
1332 2421 1389 2477 τὸ
1420 2420 1492 2492 μὴ
1523 2416 1713 2492 χρεών.

310 2525 433 2571 Stob.
471 2526 591 2571 Flor.
623 2524 746 2581 124,
784 2523 862 2570 29.
922 2538 986 2567 vs.
1017 2521 1044 2565 2
1081 2521 1275 2566 sortasse
1309 2533 1484 2573 παντες
1521 2508 1562 2560 δ’
1605 2511 1791 2574 ἕχοιτες

205 2595 446 2670 legendum
473 2609 523 2640 ex
553 2609 612 2640 vs.
641 2594 689 2653 3,
716 2593 790 2638 ubi
819 2594 1071 2652 scripserim
1098 2580 1151 2635 τὸ
1176 2582 1268 2651 γὰρ
1304 2578 1457 2650 χρεών
1485 2574 1573 2633 οὐκ
1602 2581 1695 2631 ἔστι
1724 2577 1791 2643 μὴ

207 2656 360 2726 χρεῶν
385 2666 548 2710 ποιεῖν
573 2664 686 2722 (vide
715 2664 864 2722 adesp.
894 2663 947 2707 sr
978 2660 1112 2717 301).

955 2782 1059 2834 734

391 2872 406 2893 9
525 2874 536 2891 ἱ
613 2875 626 2895 x
707 2870 729 2889 Ἃ
860 2871 873 2888 Ι
1127 2868 1139 2888 2
1223 2869 1236 2888 3
1303 2867 1341 2887 Ι-

377 2898 540 2948 αρετη
575 2879 634 2930 δε
665 2897 766 2930 καν
796 2882 944 2946 θανῃ
975 2894 1049 2936 τις
1080 2894 1179 2927 ουκ
1210 2876 1533 2939 αποκιλυται,
