2077 3139
756 107 1164 150 ΠΛΕῙΣΘΕΝΗΣ
1652 107 1752 160 169

269 251 389 297 Eust.
430 251 506 297 od.
547 266 591 313 p.
623 250 781 309 1564,
820 251 908 297 33:
960 249 1224 309 Σοφοκλῆς
1261 244 1312 296 δὲ
1337 266 1418 295 και
1445 268 1554 297 αντι
1578 250 1751 314 βωμοῦ

165 312 293 366 οἶδεν
320 311 535 382 ἐσχαραν.
589 317 710 381 λέγει
747 315 798 366 δὲ
833 315 916 364 καὶ
950 311 1265 379 Εὐριπίδηςε
1280 321 1589 399 μηλοσφαγεῖ
1607 337 1656 366 τε
1684 347 1747 355 —-

165 382 430 451 ε’σχοὶραις’
497 391 755 436 Ammonius
799 390 943 436 Valck.
998 406 1040 473 p.
1078 390 1167 437 34:
1226 385 1358 448 παρὰ
1407 386 1458 436 δὲ
1500 381 1750 468 Εὐριπίδῃ

165 455 340 520 ἕσχαρα
364 454 474 504 ἀντὶ
501 457 586 504 τοῦ
612 457 783 518 βωμοῦ
808 461 964 504 κεῖται
992 457 1041 505 ἐν
1068 456 1405 505 Πλεισθένει
1419 458 1570 519 μηλος
1595 455 1745 523 φοῖγε·

163 545 241 576 ται
268 527 516 590 δαιμόνων
554 519 633 573 ἐπ’
663 524 916 589 ἐσχαρας’.
977 532 1033 576 c.f
1062 533 1134 575 Ar.
1162 532 1240 575 Av.
1274 530 1429 577 1232:
1468 523 1616 576 θύειν
1649 533 1749 587 τοῖς

158 593 438 660 Ολυμπίοις
474 600 612 654 θεοῖς
648 600 982 660 μηλοσφαγεῖν
1014 614 1062 644 τε
1096 593 1367 659 βουθύτοις
1401 591 1476 644 ἐπ’
1508 595 1749 662 ἐσχάραις.

899 720 998 772 631

332 807 436 881 ἐγω
469 809 529 865 δε
560 806 891 880 Σαρδιανός,
923 806 1097 865 οὐκεΗτ
1123 807 1382 881 Ἀργόλας

268 906 424 967 Steph.
453 907 552 967 Byz.
582 921 618 950 ν.
635 897 810 966 ’Ἁργος
836 921 880 966 p.
911 907 1029 964 113
1059 907 1110 952 9;
1149 901 1332 980 λέγεται
1358 923 1449 968 γαρ
1476 902 1558 952 καὶ
1579 900 1747 969 Ἀργό-

165 974 247 1030 λας
273 1001 336 1008 -
365 956 641 1037 Εὐριπίδης
675 970 724 1020 ἐν
751 942 1087 1021 Πλεισθένει
1104 966 1194 1036 ἐγω
1220 972 1270 1022 δὲ
1296 1003 1358 1010 -
1381 969 1655 1039 Ἀργόλαςζ

913 1095 1014 1148 632

331 1184 501 1250 πολὺς
536 1186 596 1242 δὲ
625 1184 915 1257 κοσσάβων
945 1183 1184 1257 ἀραγμὸς

330 1268 612 1340 Κύπριδος
644 1266 935 1345 προσῳδὸν
965 1268 1085 1341 ἀχεῖ

327 1355 485 1443 μέλος
516 1357 575 1409 ἐν
606 1353 869 1440 δόμοισιν.

264 1450 366 1494 ΑιΙι.
401 1450 470 1494 XV
510 1465 553 1525 p.
584 1451 681 1497 668
717 1452 770 1497 B:
811 1448 906 1496 τῶν
941 1443 1195 1509 ἐρωμένων
1233 1445 1500 1510 ἐμέμνηντο
1526 1443 1748 1510 αφιέντες

163 1510 238 1562 ἔπ’
266 1507 431 1573 αὐτοῖς
463 1510 574 1574 τοὺς
611 1515 895 1581 λεγομένους
927 1513 1211 1580 κοσσαβους.
1242 1512 1315 1565 διὸ
1340 1548 1410 1554 —-
1435 1518 1517 1567 καὶ
1542 1514 1748 1584 Εὐριπί-

164 1583 248 1647 δης
300 1583 351 1633 ἐν
406 1585 743 1635 Πλεισθένει
751 1582 930 1645 ι’πολυς
980 1615 1051 1623 --
1095 1581 1360 1649 δόμοισιν’.
1423 1593 1480 1638 cs.
1531 1593 1655 1638 Eust.
1699 1595 1744 1640 11.

162 1673 205 1718 p.
234 1659 394 1717 1170,
422 1659 511 1706 53:
560 1652 799 1720 κότταβον
842 1650 898 1705 ὃν
943 1648 968 1704 ὁ
1004 1656 1351 1720 φιλοσίγματος
1384 1652 1662 1722 Εὐριπίδης
1697 1658 1748 1708 ἐν

164 1723 270 1772 δυσὶ
298 1729 393 1772 ΣΣ
410 1721 602 1788 γράφει
653 1738 698 1776 et
724 1745 824 1776 mox
850 1729 1016 1791 χρῆσις
1044 1726 1092 1774 δὲ
1123 1725 1367 1790 κοσσάβου
1393 1725 1444 1774 ἐν
1469 1730 1538 1797 τῷ
1564 1725 1748 1800 πολυς

161 1791 421 1856 κοσσαβων
464 1790 724 1859 ἀραγμός.’
768 1801 980 1851 Hesvach
1025 1791 1281 1860 κότταβος·
1330 1793 1488 1858 λαταξ.
1540 1793 1749 1865 Εὐριπί-

164 1863 249 1928 δης
273 1863 582 1914 Πλεισθένει.
906 1934 1007 1987 633

327 2028 545 2079 πολλῶν
575 2022 639 2078 τὰ
669 2022 886 2096 χρήματ’
922 2024 1038 2080 αἴτι’
1074 2020 1392 2098 ἀνθρώποις
1424 2030 1623 2084 κακῶν.

268 2118 395 2165 stob.
422 2120 538 2165 τιον.
568 2121 650 2180 93,
681 2122 760 2168 16.

907 2200 1012 2252 634

326 2297 538 2346 μομφθέ

262 2371 448 2415 Antiatt.
483 2386 526 2431 p.
556 2372 671 2431 107,
703 2373 787 2419 19.
827 2364 1050 2432 μόμφον·
1077 2362 1166 2431 τὴν
1192 2366 1394 2433 μέμψιν.
1454 2363 1747 2455 Εὐριπίδης

160 2434 469 2484 Πλεισθένει.
527 2441 646 2487 Eust.
685 2443 759 2489 Od.
796 2458 840 2503 p.
875 2444 1034 2501 1761,
1062 2444 1150 2489 39:
1199 2438 1276 2487 ἐπὶ
1315 2438 1367 2489 δὲ
1405 2441 1523 2489 πᾶσι
1552 2440 1682 2525 λέγει
1719 2438 1745 2490 ὁ

160 2496 304 2564 αὐτὸς
338 2503 668 2570 γραμματικὸς
701 2510 1058 2573 (Aristophanes)
1097 2507 1181 2558 καὶ
1216 2502 1416 2573 μομφόν
1441 2505 1565 2575 παρ’
1594 2506 1744 2576 Εὐρι-

160 2574 280 2643 πίδῃ
305 2573 396 2638 τήν
421 2576 608 2640 μέμψιν
635 2579 885 2641 λεχθῆναι.

760 2703 1136 2745 ΠΟΛΤΙΔΟΣ

263 2787 321 2834 De
348 2798 613 2848 argumento
640 2791 903 2851 Euripideae
933 2793 1186 2851 tragoediae
1213 2807 1264 2838 ex
1293 2794 1451 2854 Hygini
1479 2792 1565 2838 sab.
1584 2792 1680 2839 136
1702 2798 1748 2838 et

160 2856 361 2916 Apollod.
400 2859 458 2918 3,
496 2860 555 2919 3,
595 2861 621 2906 1
667 2865 969 2907 coniecturam
1012 2863 1156 2908 facere
1197 2863 1315 2909 licet.
1363 2862 1513 2908 Schol.
1557 2862 1742 2908 Aristid.
