2077 3139
775 94 1070 138 ΘΤΕΣΤΗΣ
1631 95 1730 148 103

766 232 1104 276 ΘΤΕΣΤΗΣ

243 321 361 368 Hanc
389 322 581 368 fabulam
608 323 830 381 respicere
858 321 1030 366 videtur
1055 324 1129 366 Ar.
1156 321 1262 366 Ach.
1290 320 1416 368 433:
1447 313 1484 366 ὧ
1510 322 1616 373 παῖ
1648 314 1730 377 δὸς

139 380 276 455 αυτῷ
314 387 536 450 Τηλέφου
580 382 868 451 ῥακώματα·
924 391 1082 434 κεῖται
1126 381 1167 434 δ’
1221 381 1420 435 ανωθεν
1463 390 1562 437 τῶν
1608 389 1729 438 Θυε-

139 460 309 507 στείων
334 459 528 541 ρἀκῶν,
555 456 731 518 μεταξὺ
759 458 857 505 τῶν
886 451 1054 514 Ἰνοῦς.
1103 459 1178 506 ubi
1208 454 1524 518 801101.·ὴ’τοι
1552 477 1610 506 τα
1635 461 1732 507 τῶν

141 529 381 590 Κρησσῶν
429 523 464 589 ἢ
514 520 665 576 αυτοῦ
717 527 804 574 τοῦ
855 526 1085 575 Θυέστου.
1159 530 1352 575 sort·nsse
1401 530 1566 590 igitur,
1618 546 1732 592 quae

140 602 414 647 Valckenarii
442 601 528 646 suit
554 602 770 660 suspicio,
800 601 1016 660 Thyestes
1042 607 1087 645 et
1114 600 1296 645 Cressae
1326 601 1507 646 eandem
1536 601 1730 647 fabulam

142 671 405 730 significant.
482 673 600 716 inter
641 671 862 716 Romanos
908 671 1146 730 Thyestem
1189 672 1471 730 scripserunt
1510 685 1608 716 cum
1659 673 1733 718 alii

140 747 235 786 tum
261 741 428 786 Ennius
456 749 499 785 et
526 741 696 785 Varius.

892 831 994 885 395

309 920 411 978 οὐκ
440 926 588 977 ἔστιν
612 919 779 978 οὐδὲν
809 923 974 994 χωρὶς
1004 918 1328 990 ἀνθρώποις
1357 927 1537 979 θεῶν·

310 1005 684 1077 σπουδάζομεν
718 1006 777 1061 δὲ
808 1003 955 1060 πόλλ’
991 1003 1080 1061 ὑπ’
1121 1008 1378 1077 ἐλπίδων,
1410 1005 1587 1078 μάτην

309 1088 511 1155 πόνους
543 1096 774 1161 ἔχοντες,
805 1085 971 1145 οὐδὲν
1004 1087 1208 1154 εἰδότες
1239 1091 1425 1160 σαφές.

247 1187 383 1232 Orion
410 1185 528 1232 Flor.
558 1187 614 1245 5,
644 1187 672 1232 '7
708 1202 750 1247 p.
780 1186 843 1232 25
850 1186 908 1245 5,
937 1185 1025 1231 27:
1063 1181 1116 1230 ἐκ
1150 1184 1238 1231 τοῦ
1271 1177 1425 1231 αὐτοῦ
1461 1183 1733 1250 (Θυέστου).

140 1244 263 1301 ὀυκ
291 1252 420 1301 ἔστιν
446 1282 514 1289 —
539 1251 705 1313 σαφές.
759 1271 822 1302 vs.
852 1257 877 1301 1
908 1257 1142 1316 Theophil.
1167 1257 1221 1301 ad
1246 1258 1400 1303 Autol.
1428 1256 1485 1371 2,
1513 1258 1542 1304 8
1572 1274 1611 1318 p.
1643 1258 1736 1305 72:

142 1318 318 1386 ὁμοίως
351 1321 434 1370 καὶ
472 1314 598 1385 EQ.
604 1321 797 1385 πίδης
814 1315 903 1369 οὐκ
941 1321 1069 1370 ἔστιν
1102 1351 1171 1358 ——-
1205 1325 1376 1372 esofi’.
1545 1328 1574 1373 2
1622 1335 1666 1374 et
1706 1328 1735 1374 3

142 1397 268 1441 affert
295 1395 496 1455 Theoph.
524 1397 576 1441 ad
603 1395 753 1441 Autol.
782 1395 830 1454 2,
857 1395 887 1442 8
914 1411 958 1455 p.
989 1395 1078 1441 74:
1106 1391 1232 1441 ὅθεν
1258 1342 1536 1455 Ευριπίδης
1561 1387 1735 1473 ὁμολο-

141 1467 223 1525 γεῖ
241 1461 412 1541 λέγων
419 1459 777 1524 σκουδαζομεν
801 1491 871 1497 ——
897 1456 1100 1520 εἰδότες’
1107 1498 1120 1523 ,
1157 1460 1241 1510 καὶ
1267 1481 1332 1525 μη
1361 1461 1588 1522 θέλοντες
1623 1457 1733 1527 ὁμο-

143 1533 338 1597 λογοῦσι
365 1524 416 1579 τὸ
443 1526 627 1593 ἀληθὲς
654 1526 720 1594 μὴ
747 1529 1055 1580 ἐπίστασθαι.
1089 1551 1154 1581 vs.
1174 1536 1204 1582 3
1231 1532 1381 1596 σαφές
1407 1551 1492 1582 om.
1515 1538 1736 1598 Theoph..

141 1605 263 1666 quod
287 1605 481 1666 probans
507 1605 701 1651 Cobetus
730 1621 791 1651 vs.
821 1605 849 1650 2
878 1593 954 1650 ὑπ’
987 1599 1196 1650 ἐλπίδων
1222 1604 1381 1651 κενῶν
1409 1609 1568 1653 suasit.

889 1739 991 1791 396

973 1834 1023 1884 εἰ
1055 1826 1100 1883 δ’
1132 1827 1259 1898 ἄτερ
1292 1829 1480 1886 πόνων

307 1916 485 1977 δοκεῖς
516 1918 758 1984 ἔσεσθαι,
789 1915 969 1984 μῶρος
1002 1912 1068 1984 εἴ,
1099 1913 1302 1986 θνητὸς
1333 1913 1519 1986 γεγώς.

248 2008 372 2055 Stob.
401 2009 519 2055 Flor.
548 2009 630 2069 98,
659 2009 739 2056 21.

887 2102 988 2155 397

304 2189 522 2264 γνώμης
552 2190 654 2264 γὰρ
685 2190 851 2248 οὐδὲν
881 2188 1044 2263 ἁρετὴ
1075 2195 1400 2266 μονουμένη.

243 2287 378 2332 Orion
421 2289 541 2334 Flor.
590 2289 646 2348 7,
686 2288 718 2334 4
761 2304 806 2350 p.
844 2288 971 2347 259,
1017 2289 1082 2335 24
1128 2299 1172 2335 et
1214 2290 1335 2337 Flor.
1378 2293 1530 2352 Eurip.
1582 2292 1643 2339 19
1688 2307 1733 2352 p.
1780 2287 1786 2291 ⁸

138 2355 257 2414 266,
289 2358 368 2403 17.

897 2423 999 2476 398

308 2507 579 2567 οὐπώποτ’
615 2517 778 2583 ἔργου
808 2515 1015 2584 μᾶλλον
1049 2512 1273 2586 εἱλόμην
1306 2513 1516 2586 λόγους.

247 2608 341 2653 1011.
368 2609 561 2655 Damaso.
589 2616 694 2669 post
720 2609 846 2655 Stoh.
876 2611 966 2655 Ecl.
995 2626 1037 2671 p.
1069 2611 1188 2670 697,
1218 2611 1296 2656 22.

896 2744 999 2796 399

309 2831 548 2889 πλούτου
580 2829 624 2889 δ’
658 2829 1026 2906 ἀπορρυέντος
1056 2831 1314 2900 ἀσθενεῖς
1345 2833 1530 2908 γάμοι·
