2077 3139
706 126 1074 168 ΧΡΥΣΙΠΠΟΣ
1489 159 1491 161 .
1584 123 1633 174 2
1656 123 1682 175 ’ἶ

1619 123 1650 174 00

275 352 491 425 γνώμης
522 348 761 423 σόφισμα
791 353 884 407 καὶ
916 348 1030 424 χέρ’
1065 350 1329 420 ἀνδρείαν
1361 357 1500 422 ἔχων

279 435 592 508 δύσμορφος
624 443 744 506 εἰήν
773 439 980 507 μᾶλλον
1010 431 1043 506 ἢ
1074 430 1239 500 καλὸς
1271 434 1449 499 κακός.

212 532 477 578 Stob.F10r.
507 532 597 590 66,
626 531 670 576 2.
724 547 786 578 vs.
817 535 841 577 1
886 528 984 591 ἔχοι
1011 533 1106 591 ρὰ,
1145 528 1271 590 ἔχειν
1297 526 1686 589 A31Vind.‚{'74co1

107 602 187 647 Th.
216 602 516 677 Gomperzius.
569 616 668 646 cum
702 617 766 646 vs.
797 601 825 647 2
865 603 918 647 cf
945 603 1057 647 Men.
1093 617 1212 647 mon.
1254 602 1374 646 117:
1412 591 1686 659 δύσμορφος

107 667 215 730 εἴην
240 669 422 728 μᾶλλον
440 659 472 730 ἢ
496 663 766 731 κακηλόγος
790 669 833 732 (κ
838 665 1080 731 ακήγορος
1100 672 1165 716 ed.
1189 670 1320 727 Ald)
1358 671 1522 715 Aneed.
1546 671 1686 717 Boiss.

106 742 194 787 vol.
226 743 251 786 1
274 757 318 802 p.
349 740 470 787 154:
499 734 779 802 δυσμορφος
807 737 917 786 ι’σθι
942 739 1127 801 μᾶλλον
1151 730 1183 800 ἢ
1209 733 1356 795 κακὸς
1382 736 1561 800 λόγοις.

849 876 950 928 840

273 956 314 1018 ὦ
346 963 577 1035 δέσποτ’,
611 963 795 1029 οὐδεὶς
827 965 978 1021 οἶδεν
1009 963 1300 1033 ἄνθρωπος
1334 961 1502 1035 γεγώς

271 1044 378 1104 οὔτ’
414 1044 675 1120 εὐτυχοῦς
706 1047 944 1121 ἀριθμὸν
975 1046 1098 1104 οὔτε
1132 1050 1447 1120 δυστυχοῦς.

209 1144 331 1190 Stob.
358 1144 476 1190 Flor.
507 1145 630 1203 105,
660 1145 740 1192 13.

844 1237 942 1290 841

274 1309 466 1379 είάζων

208 1408 423 1468 Hesych.:
479 1401 676 1465 εἰᾰζων·
725 1402 801 1454 εἷα
849 1402 1160 1459 ἐπικελεύων.
1233 1399 1507 1472 Εὐριπίδης
1555 1409 1687 1469 Χρυ-

103 1473 283 1522 σίππω.

143 1779 642 1847 INOERTARVM
675 1780 1149 1848 FABVLARVM
1179 1781 1671 1858 FRAGMENTA.

844 2060 944 2112 842

267 2145 585 2221 ἇπρόσειλος

206 2245 418 2321 Hesych.:
444 2235 752 2302 ἀπρόσειλος·
780 2241 816 2322 ᾧ
801 2232 999 2302 οὐδεὶς
1020 2248 1360 2307 ποοσειλεῖται,
1381 2239 1481 2293 ἀλλ’
1501 2241 1686 2304 εὐθέως

101 2311 277 2359 πίπτει.
335 2329 367 2372 η
404 2306 755 2374 ἆκαυματιστος
789 2307 886 2361 ἀπὸ
928 2316 1013 2376 τῆς
1047 2314 1198 2398 εἴλης.
1254 2311 1533 2378 Εὐριπίδης
1577 2308 1685 2377 ἄλη.

101 2385 262 2430 Anecd.
290 2385 422 2430 Bekk.
464 2401 505 2465 p.
534 2386 653 2445 440,
681 2385 770 2432 32.
809 2377 1117 2447 ἆπρόσειλος·
1155 2403 1192 2450 ῳ
1221 2380 1382 2444 οὐδεὶς
1420 2391 1684 2450 προσειλεῖ-

100 2468 192 2498 ται.
242 2445 395 2508 οὕτως
421 2447 710 2515 Ευριπίδης.
762 2456 1006 2516 Hesychius
1034 2464 1110 2503 aut
1128 2435 1428 2517 Ἀλκμαίωνι
1454 2468 1528 2505 aut
1548 2451 1684 2504 ’Aku-

101 2513 234 2587 μήνῃ
259 2526 493 2585 scripsisse
518 2526 705 2572 videtur.

842 2618 944 2671 843

269 2711 319 2762 εἰ
344 2704 419 2778 μὴ
449 2704 552 2777 γὰρ
586 2712 728 2763 ἰδιον
759 2713 958 2778 ἔλαβον
990 2714 1065 2775 εἰς
1094 2724 1277 2782 χεῖρας
1307 2710 1476 2784 μύσος

8 2831 10 2833 »
205 2801 352 2848 Schol.
378 2805 452 2849 Ar.
479 2804 596 2849 Plut.
624 2804 748 2851 907:
784 2800 922 2849 ἰδίων
955 2805 1050 2851 τῶν
1085 2803 1359 2858 ἰδιωτικῶν
1411 2802 1684 2868 Εὐριπίδης

4 2888 14 2902 ³
101 2863 154 2915 ἐν
201 2862 415 2933 Βάκχαις
465 2869 538 2918 εεἰ
574 2863 642 2933 μή
686 2897 753 2907 -
796 2866 946 2934 μύσος
958 2875 992 2921 ’.
1066 2878 1341 2938 Tyrwhittus
1390 2879 1685 2939 probabiliter

440 3028 457 3055 Ι
