2077 3139
253 125 319 176 36
862 125 1232 167 ANAPOMEAA

1004 263 1100 315 153

421 357 531 408 τῶν
561 352 663 423 γὰρ
695 351 947 409 πλούτων
977 349 1058 406 ὅδ’
1096 349 1314 421 ἄριστος

422 451 679 506 γενναῖον
709 440 860 507 λέχος
892 431 1092 506 εὑρεῖν.

360 548 483 592 Stob.
513 547 631 593 Flor.
663 549 745 606 67,
777 549 855 595 10.

1008 641 1106 693 154

423 729 482 786 τὸ
516 733 611 800 ζῆν
642 730 870 800 ἀφέντες
901 730 962 786 τὸ
994 730 1129 786 κατὰ
1160 733 1263 799 γῆν
1292 731 1491 800 τιμῶσί
1516 747 1631 786 σου.

423 815 588 870 κενόν
619 813 701 885 γ’·
735 811 867 870 ὅταν
897 812 1000 885 γὰρ
1031 817 1091 886 ζῇ
1122 838 1219 883 τις,
1253 811 1488 884 εὐτυχεῖ,
1520 816 1716 882 Κρέον.

361 926 483 970 Stoi).
514 927 631 970 fior.
663 926 778 981 123,
804 925 851 970 4.
902 941 965 970 vs.
993 927 1017 969 1
1055 916 1257 982 ἀφέντες
1284 933 1559 984 corruptum.
1612 938 1671 968 vs.
1701 923 1729 968 2
1765 912 1845 966 εὖ·

255 995 414 1052 τυχεῖν
449 991 605 1053 χρεών
649 996 936 1054 Musgravius.
1002 1004 1121 1039 certe
1158 1002 1235 1039 aut
1269 990 1426 1053 Κρέον
1453 996 1662 1039 vitiosum
1697 996 1844 1038 autin

256 1065 431 1110 fabulae
460 1066 636 1110 nomine
665 1074 860 1110 erratum
887 1072 970 1109 est.

444 1231 456 1250 ‚
1008 1157 1107 1208 155

429 1255 741 1304 αγρευματα

360 1345 578 1404 Hesych.:
618 1336 916 1404 αγρεύματα·
944 1341 1116 1388 σκῦλα.
1167 1335 1443 1402 Εὐριπίδης
1462 1332 1776 1406 Ἀνδρομέδα.

1008 1449 1106 1501 156

423 1522 708 1597 ἀμείβεται

361 1638 577 1697 llesych.:
629 1628 874 1697 ἀμείβεται
890 1650 901 1661 ·
948 1638 1268 1693 παραιτεῖται.
1329 1627 1606 1697 Εὐριπίδης
1647 1632 1845 1693 Ἀνδρο·

257 1704 392 1770 μέὸα.
437 1708 642 1752 similiter
668 1709 829 1753 omissa
852 1707 1074 1768 Euripidis
1099 1707 1325 1753 mentione
1346 1707 1488 1768 Etym.
1511 1708 1563 1752 Μ.
1590 1723 1634 1767 p.
1659 1709 1742 1767 81,
1764 1708 1846 1755 35.

897 1858 1208 1899 ANTIPONH

361 1946 686 2005 Aristophanes
720 1947 1036 2019 grammaticus
1071 1947 1114 1990 in
1141 1949 1323 2002 Argum.
1358 1945 1491 2005 Soph.
1529 1948 1709 2006 Antig:
1700 1982 1708 1990 .
1750 1947 1846 1990 κεῖ-

255 2030 334 2059 ται
367 2030 398 2072 η
434 2012 708 2073 μυθοποιία
735 2010 817 2058 καὶ
852 2029 983 2073 παρα
1011 2008 1263 2078 Εὐριπίδῃ
1295 2009 1346 2058 ἐν
1387 1982 1666 2089 Ἀντιγόνῃ·
1717 2008 1847 2074 πλὴν

257 2080 363 2129 ἐκεῖ
379 2085 667 2166 φωραθεῖσα
681 2099 800 2143 μετα
819 2083 905 2130 τοῦ
916 2081 1135 2143 Αἴμονος
1155 2081 1340 2129 δίδοται
1353 2077 1471 2142 πρὸς
1490 2099 1650 2144 γαμου
1671 2099 1846 2131 κοινω,

258 2152 369 2198 νίαν
394 2151 476 2199 καὶ
502 2150 676 2200 τέκνον
699 2151 847 2199 τίκτει
869 2148 956 2202 τὸν
974 2153 1195 2200 Μαίονα.
1233 2155 1380 2201 Schol.
1405 2155 1541 2215 Soph.
1562 2160 1662 2201 Ant.
1689 2156 1846 2204 1350:

257 2217 331 2270 ότι
369 2219 586 2282 διαφέρει
622 2222 710 2298 τῆς
741 2215 1015 2285 Εὐριπίδου
1046 2215 1331 2286 Ἀντιγόνης
1373 2217 1522 2284 αὕτη,
1567 2216 1639 2270 ότι
1682 2241 1846 2287 φωρα-

259 2296 404 2340 θεῖσα
438 2289 601 2352 ἐκείνη
638 2284 721 2339 διὰ
755 2286 842 2340 τὸν
866 2291 1078 2354 Αἴμονος
1104 2291 1256 2350 ἔρωτα
1281 2287 1483 2353 ἐξεδόθη
1517 2285 1638 2357 πρὸς
1670 2289 1845 2357 γάμον,

259 2360 476 2409 ἐνταῦθα
503 2360 553 2410 δὲ
579 2353 882 2410 τούναντίον.
931 2365 987 2411 cs
1016 2366 1071 2411 sr.
1098 2365 1197 2412 213
1225 2374 1269 2410 et
1296 2365 1409 2411 215.

1013 2473 1107 2524 157

417 2554 521 2618 ¹5Hv
556 2566 825 2627 Οἰδίπους
853 2560 913 2619 τὸ
944 2565 1161 2633 πρῶτον
1192 2560 1469 2634 εὐδαίμων
1498 2559 1640 2634 ἀνήρ

365 2673 778 2719 Ar.Ran.1182:
825 2657 915 2732 (ἦν
939 2699 1011 2706 -
1035 2690 1095 2717 αι
1104 2666 1203 2734 ἦρ’.
1256 2674 1332 2718 ubi
1369 2674 1568 2719 Scholia:
1616 2667 1661 2728 ἐξ
1688 2663 1846 2718 Ἀντι-

259 2737 409 2809 γόνης
436 2735 725 2799 Εὐριπίδου.
765 2738 863 2787 ε’στι
889 2737 941 2788 δὲ
966 2759 996 2800 η
1016 2733 1140 2803 αρχὴ
1165 2745 1253 2787 τοῦ
1280 2735 1532 2802 δραματος.
1575 2733 1844 2806 εὐδαίμων]

263 2803 467 2871 ευτυχὴς
504 2814 581 2858 Dio
617 2814 770 2872 Chrys.
799 2812 890 2869 64,
918 2813 947 2859 6
982 2821 1027 2858 et
1053 2813 1200 2859 Schol.
1231 2814 1388 2859 Aesch.
1427 2813 1549 2874 Sept.
1580 2813 1707 2871 775,
1756 2828 1846 2874 quo

262 2890 457 2942 utroque
483 2882 583 2928 loco
610 2891 770 2942 poetae
796 2896 957 2928 nomen
985 2885 1224 2929 omittitur.
