2077 3139
793 103 1103 144 ANTIPONH
1678 99 1746 150 39

913 240 1012 292 170

326 329 427 389 οὐκ
460 338 569 389 ἔστι
601 332 847 395 Πειθοῦς
881 328 1026 430 ἱερὸν
1058 321 1192 384 ἄλλο
1220 327 1362 399 πλὴν
1393 327 1568 400 λόγος,

326 420 413 472 καὶ
445 413 624 487 βωμὸς
656 410 820 485 αύτης
853 411 951 468 ἔστ’
990 416 1047 468 ἐν
1077 409 1378 484 ἄνθρωπον
1409 412 1586 484 φύσει.

264 513 399 558 Orlon
423 513 540 557 Flor.
571 513 614 571 1,
648 512 672 556 1
701 527 745 572 p.
777 510 902 567 249,
931 510 960 556 3
989 517 1033 555 et
1059 511 1208 555 Tzetz
1239 510 1281 554 in
1312 510 1484 555 Hesiod.
1516 511 1596 570 Op.
1628 509 1741 557 135.

158 545 1436 639 vs.111abentAr.1zan.1391(ubiSc1101.vs.1386.
1474 571 1642 624 τὸδὲ
1657 572 1745 624 οὐκ

159 649 204 697 ἕο
191 665 252 696 τι
297 649 372 695 Πε
357 649 550 706 ιθοῦς’
596 646 643 707 ἐξ,
681 642 961 710 Ἀντιγόνης
996 639 1291 706 Ευριπίὸου)
1331 649 1576 695 Heraclitus
1604 650 1744 710 Aneg.

160 723 284 767 [lom.
313 737 352 768 c.
383 722 445 768 59
473 736 518 781 p.
549 721 644 766 121
675 720 822 766 Schol.
850 721 879 764 B
905 719 954 763 11.
983 717 1050 775 Ω,
1077 719 1191 765 486.

911 828 1001 877 171

333 923 420 973 δεῖ
447 929 584 972 τοῖσι
614 923 833 981 πολλοῖς
864 914 958 971 τὸν
989 912 1260 986 τύραννον
1291 912 1566 971 ἁνδάνειν.

269 1013 394 1059 8101).
425 1013 542 1058 Flor.
570 1014 655 1071 48,
681 1014 728 1058 4.

911 1092 1009 1143 172

328 1178 437 1237 οὔτ’
473 1181 615 1246 εἰκὸς
646 1179 832 1253 ἄρχειν
863 1177 971 1236 οὔτ’
1008 1183 1172 1252 ἐχρῆν
1203 1178 1338 1237 ἄνευ
1368 1179 1539 1253 νόμου

329 1265 607 1337 τύραννον
640 1265 805 1320 εἶναι’
853 1271 1030 1336 μωρία
1063 1266 1124 1320 δὲ
1155 1267 1243 1320 καὶ
1276 1267 1464 1320 θέλειν

328 1344 388 1414 ὃς
420 1352 529 1404 τῶν
560 1348 764 1421 ὁμοίων
795 1347 1053 1419 βούλεται
1088 1363 1312 1420 κρατεῖν
1341 1347 1520 1420 μόνος.

166 1504 172 1510 ·
262 1429 390 1491 Stob.
415 1444 533 1491 Flor.
562 1446 646 1503 49,
674 1439 719 1492 5.
781 1461 840 1491 ν5.
873 1447 896 1490 1
936 1437 1063 1490 εἶναι
1098 1437 1253 1503 νόμον
1280 1445 1400 1504 libri,
1436 1439 1558 1491 ἄνευ
1587 1439 1747 1501 νόμων

158 1517 359 1573 Bothius,
385 1509 503 1560 ἄνευ
530 1508 685 1574 νόμου
712 1516 913 1561 Badham.
964 1530 1028 1561 vs.
1058 1515 1086 1559 2
1115 1511 1196 1559 καὶ
1223 1511 1383 1560 πέλειν
1410 1518 1455 1562 L.
1483 1516 1748 1575 Dindorfius,

162 1582 240 1630 καὶ
271 1586 435 1645 φιλεῖν
462 1586 510 1631 O.
538 1586 698 1631 Hense.

909 1651 1006 1701 173

325 1745 525 1803 οἰκεῖος
557 1736 901 1809 ἀνθρώποισι
934 1749 1222 1809 γίγνεσθαι
1255 1748 1405 1811 φιλεῖ

327 1823 556 1894 πόλεμος
589 1826 646 1878 ἐν
676 1821 878 1893 ἀστοῖς,
909 1819 979 1893 ἢν
1011 1828 1297 1896 διχοστατῇ
1331 1821 1501 1890 πόλις.

263 1919 386 1965 8101).
415 1920 533 1965 Flor.
559 1919 644 1978 43,
673 1919 752 1965 21.

329 2100 419 2173 [μὴ
451 2095 550 2158 οὖν
580 2103 711 2159 θέλε
743 2110 938 2159 λυπεῖν
971 2101 1176 2159 σαυτὸν
1209 2103 1369 2169 εἰδώς
1399 2101 1481 2160 ὅτι

325 2186 582 2252 πολλάκις
613 2185 670 2242 τὸ
702 2192 916 2242 λυποῦν
946 2185 1181 2259 ὕστερον
1213 2188 1386 2259 χαρὰν
1418 2186 1537 2258 ὖὲγει

327 2272 417 2324 καὶ
447 2271 504 2325 τὸ
536 2270 705 2325 κακὸν
735 2267 951 2341 ἀγαθοῦ
983 2277 1226 2342 γίγνεται
1257 2269 1587 2343 παραίτιον]

266 2365 390 2412 8101).
410 2367 526 2412 Flor.
559 2369 674 2424 108,
703 2367 758 2413 3:
789 2359 1066 2422 Ευριπίόου
1085 2356 1358 2428 Ἀντιγόνη.
1411 2360 1508 2426 ι(μὴ
1535 2394 1605 2401 -
1630 2384 1748 2428 παρ-

158 2433 344 2480 αίτιον’
435 2452 497 2481 ν5.
538 2438 564 2482 1
600 2433 736 2499 θέλε]
775 2432 912 2481 ε’θελε
956 2437 1151 2484 Grotius.
1218 2431 1370 2502 εἰδώς]
1418 2434 1486 2496 ἐξε
1493 2428 1606 2493 ιόως
1643 2440 1747 2511 Her:

161 2520 363 2552 mannus.
418 2521 481 2552 vs.
511 2507 539 2551 2
584 2501 833 2570 πολλάκις]
882 2496 990 2552 ε’σθ
1020 2498 1096 2552 ὅτε
1134 2509 1480 2554 Heimsoethius.
1526 2509 1659 2566 φιλεῖ
1694 2499 1745 2552 τὸ

163 2577 348 2621 λυποῦν
372 2568 574 2634 ὕστερον
600 2571 756 2637 χαρὰν
779 2572 918 2637 α’γειν
946 2577 994 2623 Ο.
1016 2578 1194 2624 Hense.
1204 2593 1267 2624 vs.
1297 2580 1326 2626 3
1353 2576 1535 2639 γίνεται
1561 2579 1613 2624 Μ.
1643 2593 1747 2623 num

163 2646 384 2706 ΕυιὶρίιΙί5
411 2647 456 2692 hi
482 2648 571 2692 sint
597 2662 778 2706 velsus,
812 2648 966 2693 dubito
992 2662 1092 2694 cum
1119 2648 1345 2706 Dobraeo,
1384 2650 1458 2709 qui
1499 2651 1542 2693 in
1569 2648 1746 2693 Stobaei

161 2716 278 2762 Flor.
310 2716 433 2774 108,
469 2717 569 2763 3-
575 2717 602 2764 6
638 2717 894 2763 lemmatum
930 2719 1047 2764 hunc
1084 2718 1285 2764 01d1nem
1324 2721 1536 2798 requirit:
1594 2717 1623 2764 3
1662 2716 1746 2762 τοῦ

163 2777 315 2830 αὐτοῦ
360 2786 681 2845 (Menandri)
695 2803 761 2847 μη
800 2774 891 2832 οὖν
930 2789 1042 2832 -’.
1100 2788 1132 2833 4
1176 2780 1451 2849 Εὐριπίὸου
1491 2777 1747 2848 Ἀντιγόνη

164 2845 353 2911 ὀυδεὶς
400 2851 476 2900 ἐπὶ
527 2859 774 2918 σμικροῖσι
824 2857 1043 2902 λυπεῖται
1086 2851 1282 2916 σοφός’.
1359 2857 1390 2904 5
1438 2851 1748 2919 Χαιρήμονος
