2077 3139
873 108 1106 149 ΑῙοΛοΣ
1759 106 1793 159 3

310 253 521 330 Harpocr.
562 266 606 310 p.
650 250 767 308 144,
804 249 893 296 23·
934 243 1192 302 Πανακτος
1217 273 1282 284 —-
1311 240 1449 302 πόλις
1485 243 1582 294 ἐστὶ
1618 248 1793 306 μεταξυ

205 319 291 379 τῆς
310 311 532 378 Ἀττικῆς
559 314 640 362 καὶ
667 333 753 375 της
781 315 1032 372 Βοιωτίας,
1070 307 1132 371 ὠς
1161 318 1284 375 (fort.
1310 303 1383 378 ἧς)
1412 314 1493 361 καὶ
1521 306 1794 377 Ευριπίὸης

207 385 258 435 ἐν
282 385 383 451 αἰγὶ
410 385 478 448 (ἐν
504 385 654 449 αἰγίδι
681 389 757 446 aL,
784 382 836 433 ἐν
862 384 1009 479 Αἰγεῖ
1033 386 1302 443 Maussaeus)
1328 378 1622 446 μνημονεύει

971 535 1034 586 13

371 608 624 683 ἆντραῖος

308 706 916 781 Stepi1.13yz.p.101,12:
953 695 1156 762 α’ντρον·
1196 694 1251 749 τὸ
1286 696 1543 761 σπήλαιον.
1578 696 1629 748 τὸ
1657 718 1792 748 τοπι-

207 765 293 821 nav
320 767 468 821 ἔδει
441 792 502 820 αι
508 790 666 834 τριτη,
694 803 760 810 —--
786 767 985 836 εὕρηται
1013 771 1064 820 δὲ
1089 764 1332 835 αντραῑος,
1361 767 1423 829 ὡς
1446 766 1718 834 Εὐριπίδης
1745 779 1796 817 εν

208 843 295 890 Αἰιε
276 843 318 901 ί
341 842 508 906 (Αἰγεῖ
528 845 779 900 Meursius).

869 993 1137 1035 AlOAOE

308 1095 454 1140 Sciiol.
484 1095 561 1142 ΟιΙ.
590 1110 644 1154 κ,
674 1096 726 1141 6ε
755 1090 936 1149 Αἴολος
965 1086 1281 1154 Τηλεπάτραν
1307 1083 1396 1152 τὴν
1423 1084 1798 1174 Λαιστρυγόνου

204 1159 514 1224 (Τηλεπόραν
550 1180 639 1222 την
666 1156 1037 1223 Λαιστρυγόνος
1062 1163 1349 1221 Leutschius)
1384 1178 1540 1243 γημας
1576 1159 1797 1235 ἐγέννησε

204 1229 477 1294 θυγατέρας
508 1231 560 1289 ἐξ
598 1229 679 1277 καὶ
715 1226 911 1286 ταύταις
948 1229 1081 1287 ἴσους
1118 1224 1255 1287 υἱούς
1282 1257 1347 1264 -
1374 1227 1399 1279 6
1437 1228 1487 1276 δὲ
1523 1223 1798 1291 Ευριπίδης

206 1298 374 1361 ἑτέρως
408 1300 598 1358 ἱστορεῖ.
650 1305 726 1347 Ar.
752 1303 862 1348 Nub.
895 1303 1052 1348 1371:
1089 1291 1114 1344 ὃ
1151 1292 1189 1345 6
1220 1292 1373 1358 ευθυς
1409 1290 1482 1363 ᾗσ
1508 1293 1798 1377 Εὐριπίδου

205 1369 348 1433 ῥησίν
383 1362 469 1416 τιν’
511 1362 573 1427 ὡς
611 1367 737 1431 ἐβίνε
743 1388 758 1414 ι
793 1363 1021 1429 ἁδελφός,
1062 1361 1338 1428 ωλεξίκακε,
1375 1368 1463 1431 τὴν
1497 1361 1797 1431 ὁμομητρίαν

204 1434 445 1519 αρελφήν.
486 1443 562 1487 ubi
602 1442 775 1487 Schola
810 1437 1073 1513 γέγραπται
1108 1435 1387 1497 Εὐριπίδου
1422 1437 1603 1495 Αἴολος
1640 1437 1798 1500 ὅραμα

204 1505 358 1566 οὕτως
384 1504 702 1570 καλούμενον,
731 1506 782 1554 ἐν
810 1528 846 1575 ῳ
878 1524 1128 1590 παρηγαγε
1156 1508 1400 1568 ιἎακαρέα
1426 1503 1508 1555 τὸν
1533 1506 1686 1554 παῖδα
1712 1511 1798 1555 τοῦ

204 1576 389 1628 Αἰόλου
433 1579 710 1639 φθείραντα
758 1560 991 1638 Κανάκην
1035 1575 1123 1640 τὴν
1166 1571 1795 1654 αδελφήν.1]ἰοη)8.Η-ι].

203 1654 328 1697 Riiet.
367 1651 496 1709 ο.9,
538 1652 599 1695 11
637 1651 722 1698 vol.
755 1652 782 1696 5
821 1667 863 1711 p.
893 1649 991 1696 354
1021 1666 1113 1710 sq.:
1150 1638 1272 1694 αλλα
1308 1646 1392 1694 καὶ
1428 1639 1704 1709 Ευριπίὸης
1738 1641 1794 1693 δι’

206 1715 330 1764 ὅλων
357 1714 514 1780 λόγων
548 1712 761 1776 ὄιοικησε
743 1736 830 1774 0203
856 1717 1012 1777 σχῆμα
1039 1715 1258 1775 περαίνει
1282 1745 1364 1764 -—.
1410 1714 1460 1762 ἐν
1485 1718 1554 1780 τῷ
1580 1713 1743 1782 Αἰόλῳ
1772 1710 1796 1763 6

206 1783 477 1848 Μακαρεύς
515 1784 644 1835 ἐστιν
688 1782 918 1847 ὁμιλήσας
954 1788 1012 1865 τῇ
1047 1780 1235 1865 ἀδελφῇ
1277 1784 1360 1832 καὶ
1404 1781 1670 1832 λανθάνων
1713 1786 1796 1833 καὶ

205 1853 556 1919 συμβουλεύων
581 1875 646 1921 τῳ
675 1855 821 1918 πατρὶ
849 1874 932 1912 τας
957 1848 1168 1918 αδελφας
1203 1858 1301 1912 τοῖς
1326 1850 1436 1902 αὸε)
1443 1859 1554 1916 φοῑς
1579 1857 1794 1902 συνοικί-

204 1940 298 1985 σαι,
338 1924 422 1974 ἵια
449 1920 500 1973 τὸ
527 1924 709 1972 οἰκεῖον
738 1921 1065 1986 ὄιοικησηται·
1103 1922 1182 1972 καὶ
1222 1920 1374 1982 οὕτως
1410 1919 1744 1986 ἐσχημάτισται
1772 1920 1797 1972 ὀ

206 1991 346 2059 λόγος
390 1997 533 2062 κοινῇ
576 1991 748 2061 γνώμῃ
792 1995 873 2042 καὶ
926 1995 1194 2061 συιιβουλῃ.
1259 2006 1570 2057 argumentum
1622 1998 1794 2042 fabulas·

205 2068 414 2113 Welcker
461 2070 642 2125 agnovit
678 2071 719 2113 in
755 2069 1009 2113 narratione
1045 2068 1238 2114 Sostrati
1277 2067 1400 2113 Stoh.
1441 2067 1560 2112 Flor.
1603 2067 1692 2121 64,
1731 2068 1795 2113 35

208 2137 279 2195 (es.
307 2137 419 2182 Plut.
450 2138 557 2182 Mor.
586 2152 626 2196 p.
657 2138 755 2183 312
773 2137 832 2195 C).
884 2137 1161 2196 Euripideam
1192 2136 1381 2182 fabulam
1407 2138 1589 2195 respicit
1617 2137 1796 2181 Ovidius

205 2207 338 2252 Trist.
364 2207 408 2256 2,
431 2206 554 2254 384;
581 2209 747 2253 nobilis
774 2213 842 2252 est
867 2205 1055 2252 Canace
1077 2208 1258 2266 fratris
1284 2219 1444 2251 amore
1469 2209 1556 2251 sui.
1601 2206 1795 2250 Canacen

205 2279 527 2335 parturientem
565 2278 756 2321 cantavit
791 2277 903 2321 Nero
946 2275 1084 2335 (Suet.
1111 2276 1274 2321 Neron.
1304 2290 1339 2320 e.
1371 2276 1432 2320 21
1462 2276 1537 2319 Dio
1565 2274 1685 2320 Cass.
1714 2275 1796 2332 63,

210 2345 273 2391 10
299 2352 344 2389 et
371 2345 468 2404 22).
520 2345 647 2389 Aeoli
687 2346 899 2405 tragicam
936 2360 1170 2404 personam
1207 2344 1259 2388 ab
1285 2345 1587 2403 Aristophane
1615 2347 1655 2388 in
1686 2348 1797 2388 Aeo·

205 2414 404 2459 losicone
443 2418 576 2459 risam
615 2429 713 2459 esse
749 2416 884 2459 tradit
919 2415 1150 2459 platonius
1193 2408 1302 2471 περὶ
1342 2409 1582 2472 διαφορᾶς
1626 2427 1796 2474 κωμῳ-

209 2480 328 2528 διῶν
364 2499 405 2543 p.
434 2483 523 2528 xiil
553 2484 578 2527 b
614 2483 678 2529 38
707 2484 772 2528 ed.
803 2484 941 2528 ntibn.
995 2485 1268 2543 Antiphanes
1295 2483 1432 2540 (Com.
1461 2483 1490 2529 3
1526 2498 1570 2542 p.
1599 2483 1647 2537 7)
1684 2489 1798 2527 teste

208 2555 306 2598 Ath.
334 2554 369 2598 X
395 2569 440 2613 p.
466 2552 567 2597 444
595 2552 624 2596 C
654 2553 760 2598 haec
785 2555 829 2597 in
855 2553 994 2597 Aeolo
1021 2553 1154 2597 dixit:

464 2628 731 2690 Μακαρεὺς
759 2631 897 2691 ε’ρωτι
924 2633 1019 2679 τῶν
1046 2624 1337 2694 ὁμοσπόρων
1363 2632 1477 2694 μιᾶς

455 2702 671 2787 πληγείς,
698 2699 811 2756 τέως
838 2699 926 2749 μὲν
952 2698 1200 2760 ἐπεκράτει
1228 2702 1313 2762 τῆς
1339 2702 1590 2762 συμφορᾶς

459 2773 647 2833 κατεῖχέ
673 2765 719 2818 θ’
750 2761 922 2818 αὖτόν·
951 2766 1051 2818 εἶτα
1077 2767 1379 2832 παραλαβων
1405 2787 1519 2817 ποτε

457 2835 593 2888 οἶνον
619 2836 905 2904 στρατηγόν,
935 2834 985 2898 ὃς
1011 2837 1158 2904 μόνος
1185 2844 1388 2901 θνητοῖς
1413 2856 1519 2901 αγει

1407 2927 1422 2958 J
1442 2923 1463 2945 8
