2077 3139
298 135 401 188 120
888 137 1304 180 ΚΡΕΣΦΟΝΤΗΣ

464 278 581 338 οὐδ’
614 279 816 354 ἀνδρὸς
849 280 1186 354 ἐστερήμεθ’,
1218 281 1356 338 ἀλλὰ
1385 286 1579 354 μυρίαι

463 366 558 422 τὸν
589 364 758 423 αὐτὸν
789 365 1122 438 ἐξήντλησαν
1152 362 1224 432 ὦς
1250 365 1353 438 ἐγω
1384 372 1522 437 βίον.

402 463 518 509 Plut.
556 463 668 510 Mor.
702 479 747 524 p.
790 465 886 510 110
913 465 967 508 D:
1014 454 1045 523 ἡ
1083 458 1132 509 δὲ
1168 454 1383 524 Μερόπη
1418 454 1590 524 λόγους
1623 454 1887 521 ἀνδρώδεις

296 546 574 663 n9og>s9oue
568 530 641 593 ’νη
673 535 807 579 κινεῖ
840 549 897 578 τα
936 529 1121 594 θέατρα
1164 529 1369 595 λέγουσα
1410 531 1609 579 τοιαῦτα
1652 533 1888 579 (τεθνᾶσι

296 627 366 636 -
425 617 501 649 ιον

1045 697 1146 750 457

466 785 768 860 ὁσιωτέραν
801 785 866 859 δὴ
897 784 1044 858 τήνδ’
1083 785 1186 858 ἐγώ
1220 791 1425 858 δίδωμί
1449 806 1536 844 σοι

467 869 682 944 πληγήν

402 968 520 1014 Plut.
547 970 654 1016 Mor.
682 984 744 1043 p.
758 969 857 1015 998
885 968 939 1013 Ε.
977 961 1145 1013 σκόπει
1175 963 1225 1013 δὲ
1249 963 1331 1014 καὶ
1367 960 1454 1029 τὴν
1481 963 1532 1013 ἐν
1558 967 1618 1033 τῇ
1645 965 1890 1033 τραγῳδία

299 1031 553 1099 Μερόπην
579 1033 656 1082 ἐπὶ
695 1026 780 1083 τὸν
806 1028 916 1082 υἱὸν
952 1028 1100 1083 αὐτὸν
1135 1025 1198 1093 ὡς
1223 1033 1377 1099 φονέα
1416 1038 1501 1083 τοῦ
1537 1036 1646 1083 υἱοῦ
1682 1037 1890 1084 πέλεκυν

299 1100 547 1168 ἀραμένην
573 1103 656 1152 καὶ
682 1103 961 1169 λέγουσαν(
979 1101 1228 1167 ὠνητέραν
1249 1133 1314 1141 —
1332 1101 1573 1169 πληγήν’,
1599 1098 1716 1153 όσον
1743 1103 1794 1154 ἐν
1821 1107 1889 1186 τῷ

298 1173 495 1254 θεοῖτρφ
521 1175 704 1237 κίνημα
738 1179 875 1223 ποιεῖ
893 1190 980 1223 συν
985 1173 1335 1239 εξορθιαζουσα
1363 1173 1531 1243 φόβῳ,
1570 1174 1653 1224 καὶ
1681 1175 1786 1235 δέος
1822 1193 1888 1255 μῃ

299 1240 476 1314 φθάσῃ
503 1264 586 1293 τον
627 1242 1079 1310 ἐπιλαμβανόμενον
1113 1245 1318 1310 γέροντα
1344 1245 1424 1294 καὶ
1463 1242 1623 1313 τρώσῃ
1649 1238 1702 1294 τὸ
1726 1241 1888 1310 μειροῖ-

299 1333 425 1364 κιον.
490 1320 635 1366 locum
679 1321 767 1366 huc
807 1320 984 1365 rettulit
1026 1320 1172 1368 Valck.
1240 1320 1298 1365 cf.
1341 1322 1529 1366 ArIstot.
1571 1321 1696 1365 Poet.
1738 1319 1801 1366 14
1819 1335 1890 1401 p·

302 1390 437 1456 1454
464 1405 488 1435 a
522 1391 577 1437 5:
619 1385 669 1434 ἐν
695 1388 774 1465 τῷ
809 1382 1098 1473 Κρεσφόντῃ
1134 1406 1163 1448 η
1206 1383 1419 1449 Μερόπη
1462 1385 1621 1450 μέλλει
1655 1381 1738 1434 τὸν
1780 1385 1892 1434 υἱὸν

299 1449 641 1517 ἀποκτείνειν,
679 1447 955 1505 αποκτείνει
1001 1455 1051 1506 δὲ
1087 1452 1170 1519 οὔ,
1216 1451 1325 1504 αλλ’
1360 1475 1441 1505 ανε
1425 1452 1695 1521 εγνώρισεν.
1758 1475 1821 1506 vs.
1861 1462 1889 1505 1

300 1519 556 1607 ὠνητέραν
573 1520 631 1588 δὴ
656 1531 817 1589 vulgo,
852 1521 1113 1589 ὁσιωτέραν
1141 1527 1200 1589 δη
1225 1544 1249 1576 e
1274 1544 1382 1576 mss.
1415 1530 1725 1576 Valckenarius
1755 1531 1888 1575 Diatr.

300 1615 344 1660 p
375 1601 498 1660 181,
535 1565 817 1655 ὁσιαιτέραν
836 1590 895 1659 δὴ
921 1601 990 1646 ed.
1019 1602 1220 1659 Dubner‚
1267 1617 1302 1647 ω
1341 1590 1516 1662 νέρτερ’
1549 1591 1697 1658 Ἀιδη
1730 1601 1893 1645 Porso·

300 1685 401 1716 nus.
453 1686 516 1717 vs.
546 1671 575 1716 2
602 1663 796 1731 πληγήν
823 1672 939 1716 delet
966 1670 1173 1716 Cobetus.

1049 1807 1152 1859 458

468 1894 636 1962 αἰδώς
670 1900 729 1953 ἐν
758 1894 1096 1969 ὀφθαλμοῖσι
1127 1903 1392 1968 γίγνεται,
1423 1898 1630 1953 τέκνον.

405 1992 532 2040 8ῑο1).
562 1994 679 2042 Flor.
709 1994 794 2053 31,
825 1995 902 2040 15.

1051 2102 1156 2154 459

468 2197 520 2248 εἰ
548 2189 652 2263 γάρ
684 2187 731 2248 σ’
765 2196 1007 2263 ἔμελλεν,
1040 2190 1111 2256 ὡς
1143 2190 1211 2247 σύ
1242 2190 1368 2264 φής,
1401 2196 1636 2248 κτείνειν
1666 2189 1843 2262 πόσις,

467 2282 604 2347 χρῆν
637 2277 725 2331 καὶ
758 2275 820 2331 σὲ
849 2278 1087 2347 μέλλειν,
1121 2271 1192 2340 ὡς
1223 2274 1415 2348 χρόνος
1447 2274 1786 2348 παρήλυθεν.

406 2387 571 2432 Gellius
607 2386 657 2432 N.
684 2390 735 2432 A.
777 2387 834 2444 6,
871 2387 927 2443 3,
967 2386 1055 2434 28:
1098 2388 1187 2434 hoc
1223 2391 1329 2434 vitio
1365 2390 1448 2433 dat
1482 2388 1693 2433 Lucilius
1721 2392 1896 2446 poetae

302 2457 566 2515 Euripidae
593 2459 740 2516 quod,
777 2471 879 2502 cum
905 2458 1227 2517 Polyphontes
1262 2471 1357 2504 rex
1385 2464 1648 2515 propterea
1673 2469 1723 2502 se
1748 2459 1892 2501 inter-

243 2550 247 2553 ·
298 2527 478 2585 fecasse
499 2527 710 2585 fratrem
735 2529 937 2584 dzceret,
978 2530 1104 2588 quod
1127 2532 1230 2585 ipse
1258 2534 1368 2573 ante
1393 2529 1449 2573 de
1475 2539 1591 2572 nece
1617 2539 1717 2572 ems
1743 2539 1894 2571 conse·

301 2599 412 2642 Itum
447 2600 678 2687 cepisset,
722 2596 922 2654 Uet-opu
953 2598 1133 2657 fratrzs
1174 2613 1302 2644 uxor
1342 2599 1471 2643 hisce
1507 2599 1570 2642 ad
1602 2609 1706 2641 eum
1741 2597 1896 2642 verbzs

301 2664 537 2713 eluserit‘
551 2662 594 2710 εἰ
614 2681 706 2727 γαρ
735 2690 795 2697 —-
824 2663 1156 2726 παρήλυθενῆ

1051 2803 1156 2855 460

471 2894 648 2949 ἐκεῖνο
678 2890 782 2965 γὰρ
814 2889 1043 2948 πέπονθ’
1077 2889 1210 2964 ὅπερ
1243 2890 1440 2957 πάντες
1472 2895 1682 2963 βροτοί·
