2077 3139
339 142 443 193 204
991 139 1296 183 ΤΨῙΠΤΛΗ
2013 0 2064 243 ἲ

479 288 692 333 mortalis
717 298 850 332 nemo
877 290 959 342 est,
990 298 1126 344 quem
1151 299 1245 330 non
1272 287 1457 345 attinyit
1482 287 1617 331 dolor·

483 358 781 416 morbusque.
809 357 966 402 multis
992 361 1101 401 sunt
1126 355 1356 400 humandi
1379 356 1529 411 liberi,

480 439 672 472 rursum
699 427 910 480 creandi,
941 438 1160 484 morsque
1186 431 1255 470 est
1279 427 1414 484 finita
1443 426 1667 470 omnibus.

482 510 605 556 quae
629 499 796 556 yenerz‘
819 497 1024 540 humano
1053 508 1279 554 anyorem
1305 497 1625 554 nequidquam
1653 495 1885 553 afferunt.

482 568 724 612 reddenda
753 572 914 610 terrae
942 570 1011 610 est
1038 570 1187 620 terra,
1220 572 1314 610 tum
1341 567 1435 610 vita
1463 566 1674 610 omnibus

482 638 713 694 metenda,
741 642 790 681 ut
815 635 1004 695 fruyes.
1044 638 1113 680 sic
1139 636 1265 680 iubet
1290 638 1553 680 necessitas

1096 754 1196 808 758

511 861 699 912 κακοῖς
729 845 787 902 τὸ
819 847 1011 918 κέρδος
1043 848 1138 917 τῆς
1172 849 1328 917 δίκης
1359 840 1678 918 ὑπέρτερον.

447 944 573 992 Stoh.
603 945 721 989 Flor.
753 944 835 1002 10,
863 943 943 990 26.

1096 1034 1196 1087 759

513 1126 648 1197 πρὸς
679 1150 774 1192 τας
807 1123 1000 1197 φύσεις
1032 1123 1131 1198 χρὴ
1165 1125 1256 1180 καὶ
1287 1121 1352 1180 τὰ
1393 1123 1681 1195 πράγματα
1712 1136 1940 1181 σκοπεῖν

514 1214 603 1267 καὶ
634 1208 727 1276 τας
760 1215 969 1275 διαίτας
999 1214 1112 1266 τῶν
1142 1212 1326 1265 κακῶν
1355 1231 1414 1265 τε
1445 1204 1730 1279 κάγαθῶν,

514 1292 691 1352 πειθώ
726 1295 784 1350 δε
814 1309 926 1359 τοῖς
957 1295 1056 1365 μὲν
1087 1292 1369 1363 σώφοοσιν
1399 1290 1609 1362 πολλὴν
1641 1298 1802 1364 ἔχειν,

513 1394 624 1444 τοῖς
656 1378 727 1451 μὴ
762 1384 993 1443 δικαίοις
1026 1375 1079 1434 δ’
1114 1374 1245 1433 οὐδὲ
1277 1375 1616 1449 συμβάλλειν
1646 1375 1838 1449 χρεών.

448 1478 585 1524 Orion
612 1477 731 1522 Flor.
762 1477 809 1535 7,
838 1476 867 1522 5
897 1491 942 1537 p.
973 1475 1100 1533 259,
1130 1475 1217 1521 25:
1255 1469 1306 1519 ἐκ
1332 1473 1419 1536 τῆς
1441 1465 1735 1533 Ὑψιπύλης,
1790 1463 1940 1532 επρὸς

342 1543 427 1604 τὰς
452 1573 515 1580 -
545 1539 698 1607 χρεών
715 1547 747 1593 ’.
800 1562 862 1592 vs.
894 1548 918 1590 1
948 1546 1082 1591 habet
1111 1545 1262 1590 Floril.
1290 1546 1459 1591 Monac.
1494 1544 1592 1593 104
1619 1561 1662 1606 p.
1692 1545 1810 1603 275,
1837 1546 1885 1592 8.

1097 1681 1199 1733 760

511 1774 610 1839 ἔξω
642 1770 745 1844 γὰρ
776 1767 942 1844 ὀργῆς
975 1777 1076 1836 πᾶς
1108 1768 1249 1842 ἀνὴρ
1283 1769 1608 1844 σοφώτερος.

447 1870 571 1915 Stoh.
601 1869 719 1914 Flor.
749 1868 832 1928 20,
862 1870 944 1915 31.
996 1870 1111 1914 idem
1138 1884 1293 1915 versus
1330 1877 1448 1914 extat
1484 1872 1528 1915 in
1555 1869 1679 1915 Stob.
1708 1869 1826 1915 Flor.
1856 1870 1939 1928 20,

344 1940 406 1986 12
439 1936 498 2001 (ν.
531 1941 582 1985 sr.
613 1937 729 1999 261)
759 1947 803 1984 et
829 1942 872 1984 in
902 1940 1021 1985 Flor.
1049 1941 1219 1985 Monac.
1250 1940 1349 1987 150
1375 1955 1418 2000 p.
1449 1939 1567 1998 278,
1599 1940 1676 1986 13.

1096 2075 1195 2126 761
2045 2085 2073 2116 Ἴ

513 2161 749 2220 ἄελπτον
779 2161 965 2234 οὐδέν,
1000 2161 1177 2221 πάντα
1212 2160 1262 2219 δ’
1299 2167 1533 2233 ἐλπίζειν
1563 2162 1753 2237 χρεών.
2042 2136 2067 2151 ⁴*

448 2260 574 2309 Stob.
603 2262 719 2306 Flor.
750 2261 864 2320 110,
896 2261 972 2307 16.

1088 2353 1189 2406 762

513 2461 723 2516 δυσημα
754 2445 846 2499 καὶ
877 2449 946 2500 (ἴα
977 2447 1067 2500 καὶ
1098 2445 1608 2517 κατεσφραγισμένα

448 2541 572 2586 Eust
603 2542 648 2586 11.
685 2556 729 2602 p.
761 2541 887 2600 959,
924 2541 990 2588 43
1030 2539 1234 2619 (philem.
1263 2544 1366 2588 Lex.
1406 2557 1452 2602 p.
1469 2542 1624 2623 Τε147)
1662 2537 1853 2602 λέγουσι
1889 2537 1945 2589 δὲ

344 2605 425 2655 καὶ
452 2609 510 2654 σᾶ
538 2627 595 2654 τα
621 2605 722 2656 σῶα
749 2607 800 2654 οἱ
828 2609 1033 2657 παλαιοί
1055 2637 1118 2645 -
1147 2603 1423 2672 Εὐοιπίδης
1460 2607 1511 2656 ἐν
1542 2602 1846 2676 Υψιπύλῃ“
1861 2603 1941 2658 εύ-

346 2695 483 2741 φημα
509 2705 579 2714 -—-
604 2678 1100 2742 κατεσφοαμσιιένα’.

1096 2803 1200 2855 763

1016 2888 1050 2964 ἢ
1085 2894 1238 2967 ἑτέρᾳ
1269 2891 1489 2965 φράσωε
