2077 3139
259 139 329 192 90
894 136 1226 180 ΕΡΕΧΘΕΤΣ

1007 275 1113 328 360

427 364 528 424 οὐκ
559 371 670 424 ἔστι
699 363 898 439 μητρὸς
927 361 1095 421 οὐδὲν
1124 362 1285 435 ἥδιον
1313 366 1548 429 τέκνοις·

430 454 583 525 ἐρᾶτε
610 449 830 524 μητρός,
862 454 1071 520 παῖδες,
1099 447 1170 515 ὡς
1200 445 1301 505 οὐκ
1331 446 1431 503 ἔστ’
1467 453 1602 519 ἔρως

427 539 668 601 τοιοῦτος
698 532 857 599 ἄλλος
887 553 1033 598 οστις
1064 532 1240 604 ἡδίων
1270 534 1415 605 ε’ρᾶν.

365 631 487 678 Stob.
526 633 645 677 Flor.
684 631 775 688 79,
811 630 843 676 4
883 638 928 676 et
963 631 1097 676 Orion
1135 628 1257 676 Flor.
1284 630 1434 686 Eurip.
1462 628 1492 675 8
1530 627 1730 712 p.265,
1770 628 1849 675 11.

260 717 322 749 vs.
355 704 378 748 1
410 691 501 748 οὐκ
530 697 661 747 ἔστιν
686 667 830 746 οὐδὲν
855 690 1036 762 μητρὸς
1061 700 1183 746 ΞῑοΙ).
1234 714 1296 745 vs.
1325 699 1354 746 3
1382 691 1535 761 ὅστις]
1562 690 1664 753 οἷος
1690 697 1813 744 Stoh.

1009 835 1109 888 361

425 928 607 983 &emh
639 926 698 981 δὲ
728 929 944 981 παίδων
973 928 1080 981 ποῦ
1112 921 1329 995 κράτος;
1361 919 1426 978 τᾶ
1458 922 1640 993 φύντα
1669 919 1772 995 γὰρ

425 1016 661 1083 κρείσσω
694 1015 934 1080 νομίζειν
965 1014 1075 1065 τῶν
1107 1003 1430 1078 δοκημάτων
1459 1003 1649 1079 χρεών.

359 1105 484 1154 Stoh.
513 1107 628 1152 Flor.
659 1107 736 1157 76,
767 1105 846 1152 12.

1008 1211 1110 1264 362

423 1301 518 1368 τὰς
549 1301 768 1375 χάριτας
799 1300 945 1368 ὅστις
978 1299 1216 1372 εὐγενῶς
1247 1305 1535 1372 χαρίζεται,

423 1384 583 1458 ἥδιον
615 1390 674 1442 ἐν
705 1393 1012 1457 βροτοῖσιν·
1046 1391 1101 1441 οἳ
1131 1384 1191 1441 δὲ
1224 1386 1394 1455 δρῶσι
1423 1386 1543 1456 με’ν,

425 1471 603 1546 χρόνῳ
638 1470 696 1526 δὲ
729 1472 917 1541 δρῶσι,
953 1473 1381 1540 δυσγενέστερον
1414 1514 1422 1523 .
1457 1514 1466 1523 .

424 1553 527 1626 ἐγώ
560 1555 619 1610 δὲ
652 1552 809 1610 δώσω
842 1559 1013 1610 παῖδα
1043 1552 1142 1624 τὴν
1174 1551 1308 1624 ἐμὴν
1338 1563 1572 1607 κτανεῖν.

421 1644 700 1710 λογίζομαι
733 1638 791 1693 δε
822 1636 1018 1694 πολλα·
1053 1640 1240 1707 πρῶτα
1270 1636 1370 1707 μὲν
1399 1633 1559 1690 πόλιν
1820 1649 1847 1691 5

420 1745 522 1778 ουκ
552 1719 620 1777 ἅν
650 1717 756 1778 τιν’
790 1721 962 1793 ἄλλην
992 1723 1159 1792 τῆσδε
1190 1725 1385 1790 βελτίω
1416 1725 1633 1789 λαβεῖν

422 1807 457 1878 ᾑ
477 1828 674 1907 πρωτα
704 1829 804 1877 μεν
836 1804 969 1870 λεως
1000 1803 1103 1860 οὐκ
1136 1801 1361 1868 ἐπακτὸς
1392 1799 1649 1872 αλλοθεν,

422 1887 759 1961 αὐτόχθονες
793 1887 838 1944 6’
877 1896 1110 1962 ἔφυμεν·
1145 1891 1203 1943 αἱ
1234 1883 1286 1943 δ’
1320 1884 1478 1942 ἄλλαι
1509 1883 1691 1951 πόλεις

423 1976 644 2029 πεσσῶν
675 1972 871 2044 ὁμοίως
907 1978 1196 2043 διαφοραῖς
1230 1972 1532 2042 ἐκτισμέναι

423 2056 586 2112 ἄλλαι
616 2054 740 2125 παρ’
779 2054 963 2112 ἄλλων
995 2057 1136 2112 εἰσὶν
1169 2052 1532 2126 εἰσαγώγιμοι.
1791 2067 1845 2110 10

423 2139 570 2205 ὅστις
604 2135 650 2195 δ’
683 2136 771 2195 ἀπ’
805 2137 972 2209 ἄλλης
1003 2137 1194 2204 πόλεος
1225 2136 1420 2211 οἰκήσῃ
1452 2135 1632 2208 πόλιν,

425 2222 593 2296 ἁρμὸς
624 2222 861 2295 πονηρὸς
894 2220 1075 2294 ὥσπερ
1109 2225 1167 2278 ἐν
1198 2221 1344 2296 ξύλω
1377 2229 1586 2292 παγείς,

423 2306 567 2384 λόγῳ
599 2314 820 2379 πολίτης
852 2309 982 2377 ε’στί,
1014 2321 1126 2372 τοῖς
1160 2301 1204 2362 δ’
1238 2312 1478 2377 ἔργοισιν
1508 2302 1587 2361 οὔ.

425 2396 609 2447 ἔπειτα
639 2394 800 2447 τέκνα
830 2389 979 2448 τοῦδ’
1015 2394 1164 2447 ἕκατι
1193 2396 1463 2462 τίκτομεν,

422 2473 495 2538 ὡς
524 2478 675 2530 θεῶν
705 2497 763 2530 τε
793 2472 1010 2547 βωμοῦς
1041 2479 1276 2546 πατρίδα
1305 2495 1362 2530 τε
1393 2470 1669 2545 ῥυόμεθα.
1790 2486 1841 2529 15

425 2556 633 2624 πόλεως
667 2554 712 2613 δ’
747 2553 958 2630 ἁπάσης
989 2555 1201 2630 τοῦνομ’
1240 2559 1318 2628 ἓν,
1350 2557 1540 2612 πολλοὶ
1574 2557 1638 2611 δέ
1663 2578 1752 2611 νιν

423 2647 667 2698 ναίουσι·
700 2641 928 2706 τούτους
958 2645 1071 2707 πῶς
1105 2646 1433 2712 διαφθεῖραί
1457 2663 1523 2711 με
1553 2636 1673 2711 χρή,

425 2724 544 2791 ἐξὸν
574 2722 903 2796 προπάντων
933 2732 1065 2796 μίαν
1093 2723 1430 2792 ὑπερδοῦναι
1460 2732 1687 2790 θανεῐν;

422 2817 575 2879 εἴπερ
606 2806 709 2880 γὰρ
740 2805 978 2881 ἀριθμὸν
1007 2807 1129 2865 οἶδα
1161 2808 1253 2864 καὶ
1280 2804 1645 2872 τούλάσσονος

420 2891 479 2947 τὸ
508 2899 709 2964 μεῖζον,
742 2890 902 2958 οὑνός
933 2891 1078 2957 οἶκος
1108 2886 1175 2948 οὗ
1205 2892 1372 2947 πλέον
1402 2891 1589 2947 σθένει
1784 2902 1840 2944 20
