2077 3139
800 114 1151 158 ΣΘΕΝΕΒΟῙΔ
1668 111 1729 164 17
1736 111 1768 164 9

187 270 347 318 σομαι.
374 258 450 305 ubi
473 257 618 304 Schol.
648 257 754 302 Ven.
783 273 824 303 v.
841 255 962 303 125.
1005 245 1030 300 6
1057 248 1196 316 λόγος
1222 250 1588 316 ἐκΣθενεβοιάς
1614 246 1768 316 Εὐρι-

189 325 347 374 πίδου.
407 322 534 382 τινὲς
574 321 623 371 δὲ
665 323 855 371 οἴονται
900 321 951 370 ἐκ
987 319 1379 401 Βελλεροφόντου
1423 320 1766 388 παρῳδῆσθαι.

190 394 288 443 ἔστι
315 391 412 444 δὲ’
391 411 442 442 εν
468 393 744 458 Σθενεβοία
769 387 901 453 παρὰ
926 393 994 459 τῷ
1018 396 1234 472 τραγικῷ
1258 387 1409 450 οὕτως
1437 394 1610 451 ι’πέλας
1636 391 1686 441 δὲ
1704 418 1768 427 -

188 458 368 526 πτηνὸς
393 460 662 529 πορεύσει’.
714 481 776 512 vs.
806 467 835 545 3
863 442 1148 539 βαρυστόνῳ
1169 465 1436 524 DindorfiuS,
1461 458 1770 529 βροτοκτόνῳ

189 538 448 584 Meinekius.
497 551 562 582 vs.
589 533 663 581 4
675 529 858 593 πτηνὸς
883 527 1109 596 πορεύσει
1144 549 1232 580 non
1268 536 1411 595 liquet
1437 544 1585 580 utrum
1611 535 1770 593 tragici

189 610 279 653 sint
310 607 441 653 verba
486 619 539 651 an
576 606 888 681 Aristophanis
925 618 975 650 ex
1009 619 1138 650 versu
1183 605 1433 682 proximp’.
1483 607 1770 651 DINDORF.

189 680 410 736 integrum
436 689 608 721 versum
635 664 814 733 πτηνὸς
839 667 1067 730 πορεύσει
1089 672 1275 729 πῶλος·
1312 664 1369 718 06
1389 664 1772 734 ναυσθλώσομαι

192 746 408 807 Euripidis
436 759 535 791 esse
562 746 752 790 coniecit
778 743 1030 790 Meinekius.

937 836 1039 888 666

987 924 1217 997 ποιητὴν
1251 922 1302 981 δ’
1336 923 1442 999 ἄρα

343 1008 516 1082 Ἐρως
549 1008 815 1081 διδάσκει,
847 1033 951 1065 καν
981 1007 1216 1081 ἄμουσος
1246 1010 1280 1083 ᾗ
1311 1008 1369 1066 τὸ
1400 1015 1552 1080 πρίν.

291 1108 365 1154 Ar.
404 1107 531 1168 Vesp.
572 1107 728 1154 1074:
776 1102 954 1169 ῥαδίως
990 1096 1080 1167 ἐγω
1107 1099 1316 1183 διδάξω,
1370 1096 1463 1150 καν
1498 1099 1709 1166 ἄμουσος
1736 1096 1772 1170 ᾗ

188 1165 239 1222 τὸ
275 1175 406 1232 πρίν,
465 1177 540 1223 uhi
577 1176 748 1222 Schol.·
796 1171 820 1222 6
856 1174 1011 1251 στίχος
1045 1142 1325 1251 Εὐριπίδου
1359 1171 1410 1220 ἐκ
1447 1177 1553 1221 Σθε
1561 1174 1768 1237 νεβοιᾞας

188 1248 299 1296 Plut.
327 1247 433 1292 Mor.
463 1262 506 1308 p.
534 1246 634 1294 405
663 1248 717 1292 F:
768 1236 792 1290 6
825 1237 867 1291 δ
899 1233 1174 1322 Εὐριπίδης
1200 1236 1347 1292 εἰπών
1374 1235 1436 1302 ὡς
1445 1237 1606 1306 ’Ἐρως
1630 1261 1770 1304 ποιη-

187 1305 276 1375 τὴν
305 1310 549 1374 διδάσκει,
583 1331 676 1359 xcxv
709 1308 918 1375 αμσυσος
943 1298 994 1392 ᾖ
1004 1304 1055 1359 τὸ
1083 1313 1226 1374 πρίν,
1256 1309 1562 1376 ἐνενόησεν”
1534 1331 1607 1361 οτι
1631 1331 1770 1374 ποιη-

188 1376 329 1444 τικὴν
363 1381 445 1431 καὶ
478 1376 728 1445 μουσικὴν
766 1382 891 1468 7ἔρως
935 1377 1150 1465 δύναμιν9
1196 1411 1259 1418 -
1311 1387 1454 1430 κινεῖ.
1514 1387 1630 1432 Plut.
1658 1387 1767 1431 Mor.

187 1472 229 1527 p.
253 1456 350 1503 762
377 1457 432 1502 B:
458 1454 630 1537 καίπερ
659 1446 727 1501 ὧν
736 1447 986 1550 τἐρωτικὸς
1015 1445 1047 1537 6
1075 1447 1351 1515 Εὐριπίδης
1376 1447 1428 1500 τὸ
1453 1449 1770 1516 σμικρότατον

186 1517 563 1584 ἀπεθαύμασεν,
601 1520 701 1572 ἐπεὶ
736 1521 972 1585 τποιητὴν
1005 1519 1101 1586 α’ρα
1110 1516 1269 1597 ’Ἐρως
1295 1551 1357 1559 -
1385 1517 1436 1571 τὸ
1461 1524 1623 1584 πρίν’.
1650 1527 1766 1571 Plut.

188 1597 295 1641 Mor.
305 1611 366 1675 p.
383 1567 479 1643 622
502 1596 555 1641 C.
580 1595 681 1652 πῶς
707 1593 897 1655 εἴρηται
923 1587 974 1640 τὸ
1003 1595 1235 1654 μουσικη
1244 1612 1271 1640 ν
1290 1584 1335 1639 δ’
1354 1587 1449 1657 ἄρα
1456 1587 1610 1655 ’Ἐρως
1628 1621 1694 1628 -
1716 1585 1768 1639 τὸ

190 1663 308 1725 πρίν
305 1656 551 1724 ’ἐζητεῖτο
580 1666 690 1712 plat.
704 1667 908 1742 Symp08.
925 1681 968 1726 p.
987 1666 1084 1712 196
1106 1666 1136 1710 Ε
1159 1665 1432 1723 (st01›.F10r.
1449 1667 1649 1746 63,36):
1676 1663 1770 1719 πᾶς

186 1733 307 1795 γοῦν
330 1725 534 1794 ποιητὴς
557 1731 786 1794 γίγνεται,
814 1751 907 1780 nav
933 1727 1145 1794 ἄμουσος
1169 1734 1201 1798 ᾑ
1230 1725 1279 1779 τὸ
1299 1732 1431 1795 πρίν,
1460 1731 1518 1781 οὑ
1542 1752 1604 1780 αν
1601 1727 1768 1798 ’Ἐρως

186 1798 391 1863 ἅψηται.
447 1806 589 1851 Nicias
624 1805 820 1851 Milesius
854 1808 898 1851 in
933 1810 1114 1880 Argum.
1153 1805 1340 1851 Theocl.
1367 1806 1425 1851 Id.
1457 1808 1544 1852 11:
1589 1821 1652 1864 ην
1685 1795 1764 1884 ἄρ’

187 1866 368 1935 ἀληθὲς
400 1873 569 1931 τοῦτο,
610 1867 861 1932 Θεόκριτε·
917 1872 969 1919 οἱ
994 1890 1086 1936 γαρ
1124 1871 1265 1935 ἕερωτ
1271 1892 1293 1929 ς
1328 1869 1534 1931 πολλοὺς
1568 1869 1771 1934 ποιητὰς

189 1939 411 2002 ἐδίδαξαν
443 1935 554 2000 τούς
592 1940 711 2005 πρὶν
753 1936 1007 2021 ἀμούσους.
1058 1946 1236 1990 Aristid.
1268 1946 1352 1991 vol.
1383 1947 1408 1991 1
1438 1961 1484 2006 p.
1513 1946 1600 1991 51:
1630 1939 1766 2004 (Διό-

187 2016 348 2071 νυσος)
376 2015 510 2061 ποιεῖ
520 2008 775 2106 χορευτήν,
802 2005 895 2060 miv
921 2007 1138 2099 οἷμοηυσος
1156 2013 1189 2079 ᾑ
1216 2006 1306 2058 τὸ]
1294 2012 1425 2091 πρίν.
1462 2015 1565 2061 ibid.
1586 2032 1627 2076 p.
1643 2016 1768 2063 322.

186 2072 275 2142 ὑφ’
310 2100 380 2130 ων
405 2100 492 2143 τις,
520 2077 643 2129 (κᾶν
670 2096 875 2143 αμουσος
909 2085 941 2151 ῄ
970 2075 1021 2129 τὸ
1048 2081 1192 2145 πρίν’
1220 2099 1309 2129 κατ
1356 2075 1660 2144 Εὐριπίδην,
1689 2082 1767 2146 ἐμ·

185 2146 332 2213 μελής
373 2168 422 2200 τε
463 2170 546 2199 και
583 2146 733 2211 δεξιὸς
777 2145 930 2211 εὐθὺς
967 2151 1197 2234 γίγνεται.
1266 2156 1497 2216 Longinus
1546 2156 1598 2201 de
1649 2157 1767 2202 subl.

186 2240 225 2271 c.
255 2224 348 2283 39,
375 2223 429 2270 2.
479 2213 538 2270 06
573 2240 664 2285 γαρ
701 2214 849 2280 αὐλὸς
884 2251 947 2257 -
982 2216 1241 2303 ἅναγνάζει
1276 2222 1493 2293 βαίνειν
1504 2220 1554 2268 ἐν
1569 2222 1769 2303 ρυθμῳ

186 2289 267 2338 καὶ
293 2260 728 2353 σι’)νεξομοιοῦσθαι
760 2293 825 2358 τῷ
861 2290 992 2354 ιιέλει
1017 2286 1099 2339 τὸν
1134 2308 1403 2353 ακροατην.
1439 2309 1534 2339 καν
1559 2288 1770 2354 ἄμουσος

186 2356 218 2429 ᾗ
242 2375 538 2411 πανταπασι.
587 2380 651 2411 vs.
683 2365 708 2410 1
735 2356 966 2427 ποιητην]
995 2357 1234 2423 μουσικήν
1259 2365 1375 2410 Plut
1401 2365 1507 2410 Mor.
1536 2380 1578 2425 p
1604 2365 1700 2412 622
1724 2366 1768 2411 C.

932 2457 1032 2508 667

350 2545 520 2602 πεσόν
551 2547 615 2602 δέ
642 2570 730 2602 νιν
760 2548 993 2617 λέληθεν
1024 2543 1190 2602 οὐδὲν
1222 2549 1280 2602 ἐκ
1308 2545 1481 2619 χερός,

349 2626 462 2685 αλλ’
497 2627 668 2695 εὐθύς
699 2626 890 2704 αὐδᾷ
904 2633 978 2704 τῷ
1010 2635 1294 2706 Κορινθίω
1327 2629 1490 2706 ξένω’
1498 2677 1506 2686 .

287 2727 390 2773 Ath.
415 2727 452 2773 X
475 2742 520 2787 p.
535 2726 634 2772 427
662 2726 723 2773 E:
759 2727 861 2781 τοῖς
887 2720 940 2771 δὲ
952 2721 1319 2806 τετελευτηκόσι
1347 2725 1443 2772 τῶν
1471 2724 1628 2784 φίλων
1653 2716 1768 2772 dm*-

185 2807 334 2869 νεμον
357 2811 416 2840 τα
437 2793 677 2842 πίπτοντα
703 2793 787 2855 τῆς
813 2793 998 2856 τροφῆς
1023 2785 1117 2841 ἀπὸ
1143 2796 1239 2842 τῶν
1264 2794 1525 2853 τραπεζῶν.
1577 2786 1654 2842 διὸ
1685 2791 1768 2841 καὶ

181 2852 459 2926 Ευριπίδης
492 2862 602 2928 περὶ
638 2864 722 2925 τῆς
747 2864 1051 2928 Σθενεβοίας
1076 2865 1250 2927 φησιν,
1289 2858 1455 2926 ἐπειδη
1479 2863 1662 2927 νομίζει
1686 2857 1769 2912 τὸν

1352 2947 1435 2987 128
