2077 3139
794 83 1047 126 ΘΗΣΕΎΣ
1651 79 1718 131 99

877 220 979 272 383

298 309 600 384 σύμμικτον
632 309 774 375 εἶδος
807 306 1160 410 κάποφώλιον
1190 310 1386 381 τρέφος

236 409 350 454 plut.
382 410 427 454 V.
455 409 614 453 Thesei
639 421 678 452 c.
708 406 795 452 15:
831 420 943 460 τους
969 399 1020 450 δὲ
1052 403 1230 461 παῖδας
1266 403 1330 462 εἰς
1358 397 1558 481 Κρήτην
1582 418 1717 465 κομι-

132 474 357 539 ζομένους
383 468 408 522 ὁ
434 473 522 537 μὲν
548 467 898 537 τραγικώτατος
931 473 1093 535 μῦθος
1124 465 1391 551 ἀποφαίνει
1426 465 1509 519 τὸν
1539 470 1715 520 Μινώ-

131 561 312 608 ταυρον
339 543 390 592 ἐν
415 545 483 610 τῷ
519 543 807 608 λαβυρίνθῳ
845 542 1153 604 διαφθείρειν
1186 534 1220 602 ἢ
1252 540 1595 604 πλανωμένους
1629 561 1714 588 αυ-

131 633 243 673 τους
268 614 352 662 καὶ
377 617 539 675 τυχεῖν
574 609 740 672 ἐξόδου
763 605 843 692 μὴ
869 612 1169 673 δυναμένους
1203 611 1309 661 ἐκεῖ
1336 606 1716 672 καταθνήσκειν,

132 679 217 734 τὸν
252 683 304 732 δὲ
339 678 695 746 Μινώταυρον,
738 675 896 743 ώσιτερ
901 676 1198 778 Εὐριπίδης
1233 683 1377 745 φησί,
1417 677 1717 744 (σύμμικτον

131 784 199 792 --
234 753 444 817 βρέφος’
478 753 728 816 γεγονέναι
773 751 854 800 καὶ
901 751 1110 814 (ταύρου
1145 781 1214 789 -—
1249 747 1426 813 φύσει’
1471 756 1544 813 (r.
1582 754 1717 814 384).

132 828 248 873 Plut
288 828 397 872 Mor.
432 841 474 886 p.
503 826 605 873 520
630 826 685 872 C:
721 822 803 870 καὶ
841 822 1096 883 ζητοῦντες
1129 822 1243 870 εἴτι
1278 820 1531 886 γεγένηται
1569 817 1717 883 ‘6159-

131 911 303 958 μικτον
328 888 453 950 εἶδος
479 885 799 954 κάποφώλιον
826 891 1008 956 τέραςζ

879 1017 982 1068 384

298 1092 506 1163 ταύρου
535 1102 799 1164 μεμῖχθαι
830 1095 920 1148 καὶ
950 1095 1152 1163 βροτοῦ
1184 1095 1346 1165 διπλῇ
1376 1089 1542 1164 φύσει

239 1190 354 1236 Plut.
380 1190 426 1234 V.
455 1189 614 1234 Thesei
640 1204 676 1234 c.
708 1189 788 1248 15,
815 1190 911 1234 vide
938 1190 993 1234 fr.
1022 1190 1137 1236 383.

882 1310 984 1362 385

303 1384 407 1456 ἐγώ
436 1387 654 1456 πέφυκα
685 1386 1016 1457 γραμμάτων
1045 1386 1146 1458 μὲν
1176 1385 1275 1442 οὐκ
1307 1391 1468 1457 ἴδρις,

300 1492 512 1541 μορφας
544 1470 602 1524 δε
634 1472 768 1535 λέξω
799 1472 889 1525 καὶ
922 1489 1069 1541 σαφη
1099 1469 1373 1542 τεκμήρια.

301 1551 503 1617 κύκλος
533 1577 609 1618 τις
641 1551 710 1617 ὡς
742 1552 1015 1623 τόρνοισιν
1048 1553 1495 1626 ἐκμετρούμενος,

301 1637 458 1700 οὗτος
492 1632 535 1691 δ’
570 1642 678 1708 ἔχει
709 1651 935 1708 σημεῖον
968 1640 1025 1694 ἐν
1054 1639 1202 1713 μέσῳ
1235 1641 1428 1709 σαφές

300 1718 359 1776 τὸ
392 1719 652 1816 δεύτερον
685 1721 745 1776 δε
775 1725 962 1790 πρώτα
991 1746 1093 1793 μεν
1124 1724 1364 1793 γραμμαὶ
1405 1719 1523 1792 διὀ,
1693 1737 1720 1779 5

279 1802 499 1868 ,ταύτας
532 1808 758 1876 διείργει
790 1803 836 1860 δ’
873 1809 931 1860 ἐν
961 1808 1147 1877 μέσαις
1178 1804 1314 1876 άλλη
1344 1811 1466 1877 μία·

301 1896 485 1956 τρίτον
519 1888 578 1943 δε
609 1887 904 1960 βόστρυχός
934 1913 1014 1954 τις
1046 1885 1117 1954 ὥς
1149 1892 1474 1961 ειλιγμένος

301 1971 361 2027 τὸ
393 1968 439 2026 6'
473 1972 544 2027 αὐ
574 1976 830 2042 τέταρτον
860 1969 931 2044 ἢ
926 1974 1024 2029 ιιὲν
1057 1979 1133 2039 εἰς
1163 1971 1337 2045 ὀρθὸν
1366 1981 1481 2045 μία,

303 2057 452 2121 λοξαὶ
487 2054 528 2110 δ’
567 2053 642 2111 ἐπ’
679 2054 845 2128 αὐτῆς
876 2072 1019 2129 τρεῖς
1051 2060 1532 2129 κατεστηριγμέναι

303 2145 468 2195 εἰσίν·
501 2138 559 2195 τὸ
582 2143 826 2211 πέμπτον
857 2139 902 2197 δ’
930 2139 1031 2197 οὐκ
1065 2146 1123 2197 ἐν
1149 2138 1375 2214 εὐμαρεῖ
1399 2140 1631 2213 φράσαι·
1671 2158 1720 2199 lO

302 2225 542 2294 γραμμαὶ
575 2223 675 2295 γάρ
709 2230 848 2280 εἰσιν
879 2228 938 2280 ἐκ
971 2224 1277 2282 διεστώτων
1310 2223 1430 2294 δύο,

303 2299 462 2362 αὗται
495 2313 551 2362 δὲ
584 2310 977 2381 συντρέχουσιν
1010 2316 1084 2374 εἰς
1115 2316 1246 2381 μίαν
1275 2308 1462 2380 βάσιν·

301 2390 360 2446 τὸ
392 2397 640 2447 λοίσθιον
671 2392 732 2447 δε
762 2395 838 2466 τῷ
867 2403 1029 2469 τρίτῳ
1061 2395 1448 2466 προσεμφερές.

238 2489 341 2534 Ath.
376 2487 411 2533 X
446 2504 489 2548 p.
515 2487 616 2534 454
642 2489 695 2535 B:
731 2481 1005 2548 Εὐριπίδης
1040 2485 1091 2536 δὲ
1123 2505 1213 2548 την
1251 2486 1301 2535 ἐν
1335 2488 1404 2553 τῷ
1445 2487 1600 2571 Θησεῖ
1629 2485 1718 2548 τὴν

136 2551 472 2635 ἐγγράμματον
507 2554 634 2603 ἔοικε
668 2557 868 2615 ποιῆσαι
908 2558 1067 2622 ρησιν.
1116 2551 1265 2620 βοτὴρ
1294 2552 1340 2604 δ’
1377 2555 1505 2605 ἐστὶν
1540 2548 1719 2621 ἆγραιι·

136 2643 283 2688 ματος
308 2619 487 2674 αὐτόθι
525 2624 681 2687 δηλῶν
706 2622 939 2689 τοῦνοιιαι
974 2629 1060 2675 τοῦ
1091 2627 1284 2692 Θησεως
1310 2625 1719 2692 ἐπιγεγραμμένον

137 2691 289 2753 ούτως
323 2690 444 2759 ’ἐγώ
468 2724 539 2732 —-
571 2696 942 2777 προσεμφερέςῆ
994 2716 1057 2746 vs.
1095 2701 1125 2748 3
1158 2694 1212 2747 εὖ
1247 2695 1570 2761 μετρούμενος
1613 2701 1719 2745 Mei-

137 2769 311 2814 nekius.
370 2784 433 2815 v.s
472 2770 500 2816 6
541 2758 584 2812 6’
624 2763 675 2813 ἐν
709 2765 899 2831 μέσαις]
939 2765 1196 2830 διαμέσους
1232 2771 1490 2818 Meinekius.
1555 2786 1615 2816 vs.
1656 2772 1714 2815 11

138 2834 225 2882 εἰσι
252 2836 348 2883 τῶν
374 2835 647 2885 διεστωσῶν
674 2841 805 2886 Herw
809 2842 1019 2886 erdenus.

1331 2925 1386 2959 τί
