2077 3139
397 115 458 166 17
463 114 494 167 6
979 114 1400 157 ΡΑΔΑΜΑΝΘΤΣ

1143 254 1248 306 660

561 351 757 417 ἔρωτες
787 341 921 417 ἡμῖν
955 346 1059 400 εἰσὶ
1082 358 1332 401 παντοῖοι
1362 350 1504 415 βίου.

559 426 590 486 ὃ
620 431 720 501 μὲν
749 426 853 501 γὰρ
888 425 1170 500 εὐγένειαν
1203 432 1398 499 ι”μείρει
1428 435 1651 500 λαβεῖν·

558 517 634 589 τῷ
669 510 715 569 δ’
747 509 869 586 οὐχὶ
899 511 1098 569 τούτου
1128 520 1374 585 φροντίς,
1406 510 1544 568 ἀλλὰ
1574 510 1867 584 χρημάτων

561 601 781 654 πολλῶν
811 600 1114 668 κεκλῆσθαι
1145 595 1399 667 βούλεται
1430 595 1617 669 πάτωρ
1652 597 1859 668 δόμοις·

559 681 708 757 ἄλλῳ
741 678 794 737 6'
829 678 1046 752 ἀρέσκει
1077 682 1252 754 μηδὲν
1282 679 1433 751 ὑγιὲς
1467 684 1525 737 ἐκ
1555 686 1783 753 φρενῶν
1881 697 1906 737 5

559 767 773 836 λε’γοντι
803 772 1023 822 πείθειν
1051 765 1179 831 τούς
1212 768 1377 830 πέλας
1407 763 1576 837 τόλμῃ
1608 768 1776 837 κακῇ·

559 856 615 906 οἳ
643 848 689 906 6’
727 848 921 922 αἰσχρὰ
952 851 1118 922 κέρδη
1150 849 1363 918 πρόσθε
1391 853 1489 905 τοῦ
1521 852 1690 905 καλοῦ
1725 851 1936 920 βροτῶν

560 936 823 1006 ζητοῦσιν.
885 929 1029 990 οὕτω
1062 940 1243 1005 βίοτος
1274 929 1594 1002 ἀνθρώπων
1624 931 1818 1004 πλάνη.

563 1017 668 1089 ε’γῶ
702 1019 760 1074 65
790 1016 1000 1074 τούτων
1030 1014 1262 1082 οὐδενὸς
1294 1017 1471 1090 χρῄζω
1503 1031 1708 1089 τυχεῖν,

560 1101 725 1168 δόξαν
757 1102 816 1158 65
846 1109 1149 1174 βουλοίμην
1180 1098 1247 1157 ἂν
1282 1098 1528 1166 εὐκλείας
1560 1108 1718 1173 ἔχειν.
1854 1116 1907 1157 10

498 1199 623 1245 Stoh.
653 1200 745 1246 Ecl.
777 1199 834 1258 2,
864 1200 910 1258 7,
951 1199 1012 1245 12
1049 1215 1093 1260 p.
1123 1199 1248 1246 342:
1301 1197 1387 1243 τοῦ
1421 1189 1591 1244 αὐτοῦ.
1635 1192 1837 1255 ἔρωτες
1870 1187 1989 1256 ἡμῖν

393 1295 456 1303 —-
489 1259 706 1324 ευκλείας
744 1265 920 1330 ἔχειν’.
974 1270 1098 1315 Stoh.
1128 1269 1248 1315 Flor.
1283 1268 1362 1325 64,
1394 1268 1484 1314 24τ
1524 1259 1804 1328 Εὗοιπίὸου
1825 1258 1988 1312 Ῥαδα-

391 1341 652 1399 μανθυς.“
671 1336 842 1398 ἔρωτες
869 1366 932 1372 -
960 1334 1151 1398 πλανη’
1181 1339 1262 1398 (vs.
1288 1340 1382 1384 1—
1321 1339 1454 1397 —8).
1494 1354 1556 1384 vs.
1578 1338 1610 1383 4
1636 1339 1731 1383 sine
1754 1337 1841 1384 sab.
1866 1351 1986 1387 nom.

390 1411 521 1457 affert
555 1411 767 1456 Scholion
810 1411 911 1455 Eur.
950 1411 1021 1457 Or.
1065 1410 1214 1456 1197.
1271 1402 1439 1469 δόμοις
1482 1409 1606 1455 Stob.
1645 1408 1786 1468 Flor.,
1825 1401 1987 1468 ὁόμων

392 1480 542 1526 Schol.
570 1481 697 1539 Eur„
735 1470 778 1523 δ’
808 1470 940 1540 ὅμως
967 1480 1091 1526 Stob.
1122 1480 1212 1526 Eel.

1141 1601 1240 1654 661

557 1690 741 1758 οὐδεὶς
771 1691 875 1764 γὰο
907 1687 1045 1765 ἡμᾶς
1093 1738 1103 1748 .
1153 1738 1162 1747 .
1213 1689 1566 1764 ἐξαιρήσεται.

492 1792 680 1836 Antiatt.
710 1806 753 1851 p.
784 1790 867 1849 94,
899 1792 950 1836 1:
1000 1784 1044 1833 5
1025 1790 1206 1850 ζαιοεῖν
1232 1781 1339 1833 αντὶ
1367 1788 1453 1834 τοῦ
1477 1776 1727 1847 ἀφαιρεῖν.
1778 1777 1985 1847 Εὖριπί·

389 1856 476 1918 δης
503 1855 553 1906 65
573 1850 954 1921 Poc60cpz02v3v'b‘
972 1827 1132 1915 0636523
1117 1853 1549 1918 -ἐξαιρήσεται’
1557 1895 1567 1914 ,
1595 1875 1655 1902 αι
1662 1874 1706 1903 τι
1732 1858 1818 1903 τοῦ
1837 1850 1986 1917 ἀφαι-

391 1925 604 1992 ρήσεται.

983 1997 1170 2040 ΣΘΕΝ
1181 1999 1264 2038 ΕΒ
1283 1999 1400 2039 ΟΙΑ

492 2089 567 2132 Ar.
604 2087 712 2132 Ran.
744 2087 876 2134 1043
914 2086 1185 2146 Aeschylum
1222 2086 1441 2132 dicentem
1477 2084 1606 2129 facit.
1663 2073 1772 2129 ἀλλ’
1819 2073 1877 2129 οὐ
1919 2098 1985 2142 μα

390 2145 473 2200 Δί
503 2153 560 2201 ου
591 2153 810 2215 Φαίόοας
837 2151 1036 2200 ἐποίουν
1063 2151 1250 2212 πόρνας
1276 2146 1389 2200 ουδὲ
1408 2150 1730 2214 Σθενεβοίας.
1776 2152 1986 2200 Scholion

389 2228 518 2286 Greg.
550 2227 647 2272 Cor.
677 2241 699 2272 e
728 2227 878 2272 codice
914 2227 1109 2272 Medieeo
1145 2226 1307 2286 panim
1335 2227 1378 2269 in
1407 2225 1536 2269 Rhet.
1576 2224 1662 2270 v.ol
1691 2224 1719 2270 7
1761 2239 1803 2284 p.
1836 2223 1985 2282 1321,

387 2299 617 2357 integrum
653 2296 705 2342 ab
741 2298 794 2338 W
799 2297 973 2342 elckero
1002 2297 1192 2355 Txagod.
1231 2311 1278 2355 p.
1310 2296 1407 2341 777
1437 2295 1628 2340 editum:
1675 2291 1828 2338 ταῦτα
1862 2289 1984 2354 λέγει

387 2356 663 2425 Ευοιπίὸης
690 2360 742 2410 ἐν
769 2363 1050 2429 Σθενεβοίᾳ
1076 2364 1145 2428 τῷ
1173 2358 1379 2427 ὂοαιιατι
1408 2358 1616 2425 εἰσάγων
1641 2355 1726 2408 τὸν
1753 2363 1983 2422 Βελλερο-

388 2430 579 2502 φόντην
604 2437 1044 2515 γιωμολογοῦντα.
1095 2431 1194 2481 ἔστι
1233 2409 1283 2480 65
1309 2429 1339 2493 ἡ
1370 2427 1614 2489 υπόθεσις
1639 2425 1777 2492 αὕτη.
1827 2432 1982 2492 Ποοῖ-

386 2520 466 2561 τος
499 2505 567 2565 ἠν
590 2496 829 2566 Ἄβαντος
855 2499 991 2561 υἱός.
1033 2495 1284 2565 Ἀκρισίου
1314 2500 1365 2551 65
1390 2495 1625 2562 αδελφός,
1669 2494 1896 2563 βασιλεὺς
1931 2499 1982 2548 65

390 2573 651 2636 Τίρυνθος.
689 2593 846 2638 γημας
866 2571 1278 2638 ὁὲΣθενέβοιαν’
1258 2574 1303 2632 εξ
1323 2567 1474 2633 αὐτῆς
1492 2569 1718 2636 ἐγέννησε
1738 2569 1938 2628 παῖδας·
1922 2571 1981 2635 ³3.)

498 2725 540 2789 ξς)
572 2727 780 2795 ΑροεζΠοά
805 2730 843 2773 2
877 2718 1057 2771 2,1·ὃ
1081 2725 1133 2769 65
1166 2724 1408 2796 (Proetus)
1432 2715 1548 2780 ἧκεν
1571 2720 1640 2772 εἰς
1661 2722 1848 2765 Λυκίαν
1869 2719 1982 2790 πρὸς

383 2775 614 2845 Ιοβατην,
647 2777 707 2831 ὡς
729 2779 784 2824 δὲ
807 2779 932 2830 τινὲς
956 2782 1085 2847 φασὶ
1097 2781 1212 2836 πρὸς
1240 2775 1576 2852 Ἅιιφιοὶνακτα,
1610 2779 1690 2821 καὶ
1722 2783 1873 2849 γαμει
1896 2777 1981 2833 τὴν

386 2834 840 2948 ἕέτουβθυγατέρα
871 2834 931 2888 ὡς
962 2837 1047 2892 μὲν
1064 2831 1270 2895 Όμηρος
1284 2835 1510 2890 Ἄντειαν,
1544 2834 1605 2884 ὡς
1629 2831 1683 2878 65
1706 2831 1753 2877 οἷ
1772 2835 1983 2890 τραγικοὶ

475 2909 549 2936 ενε
587 2909 694 2936 οιαν
