2077 3139
659 104 1203 146 ΒΕΛΛΕΡΟΦΟΝΤΗΣ
1657 99 1722 152 73

878 241 982 293 295

221 349 274 393 A.
306 332 430 405 τιμή
459 328 506 387 σ’
539 333 749 402 ἐπαίρει
777 335 887 386 τῶν
918 331 1082 394 πέλας
1111 336 1292 401 μεῖζον
1323 341 1566 400 φρονεῖν.

219 434 273 474 Β.
305 413 589 487 θνήσκοιμ’
626 411 716 469 ἄν·
751 411 817 470 οὐ
848 412 951 485 γάρ
982 412 1134 480 ἄξιον
1165 411 1420 468 λεύσσειν
1449 411 1588 484 φάος

305 499 506 564 κακοὺς
535 497 777 569 ὁρῶντας
809 501 1037 562 ἐκδίκως
1066 500 1416 568 τιμωμένους.

242 596 366 642 8ῑοῙ).
393 596 512 641 Flor.
545 596 669 653 106,
700 597 742 639 1.
795 596 912 639 inter
938 595 1046 640 duas
1072 608 1290 654 personas
1317 606 1469 638 versus
1496 591 1724 637 distribuit

138 666 311 724 matth„
339 666 416 711 sed
442 665 650 723 fortasse,
673 665 717 709 id
745 665 865 724 quod
891 664 1133 709 Meinekius
1161 663 1342 721 conicit,
1378 662 1430 708 ab
1459 677 1519 707 vs.
1549 661 1576 706 2
1606 661 1723 706 aliud

138 736 436 795 fragmentum
479 735 665 780 orditur.
733 749 799 779 vs.
837 735 863 780 1
907 733 1069 792 μεῖζον
1112 733 1332 792 Cobetus,
1374 729 1559 792 μᾶλλον
1602 731 1721 777 libri.

139 820 201 851 vs.
224 805 254 852 3
280 795 470 864 δρῶντα
494 796 560 863 μὴ
588 798 788 860 ἐνδίκως
814 804 1055 849 Dobraeus.

881 923 984 976 296

304 1019 618 1085 φθονοῦσιν
650 1009 803 1069 αὐτοὶ
834 1020 1074 1084 χείρονες
1104 1010 1430 1082 πεφυκότες·

306 1103 383 1162 εἰς
413 1096 688 1168 τάπίσημα
722 1094 767 1152 δ’
793 1092 820 1153 ὁ
853 1095 1063 1167 φθόνος
1094 1099 1276 1167 πηδᾶν
1310 1104 1473 1165 φιλεῖ.

243 1193 367 1239 Stoh.
395 1193 515 1239 Flor.
544 1195 627 1252 38,
657 1195 736 1240 13.

880 1300 980 1351 297

306 1389 413 1460 ἤδη
439 1387 547 1460 γὰρ
581 1389 732 1445 εἶδον
763 1391 853 1444 καὶ
886 1393 1041 1460 δίκης
1073 1387 1418 1459 παραστάτας

309 1474 540 1537 ἐσθλοὺς
571 1477 791 1548 πονηρῷ
822 1477 895 1549 τῷ
927 1470 1125 1549 φθόνῳ
1154 1475 1504 1544 νικωμένους.

243 1569 369 1616 Stob.
397 1569 516 1615 Flor.
545 1570 628 1628 38,
658 1571 735 1616 19.
781 1585 844 1615 vs.
875 1569 904 1614 2
932 1568 1166 1631 πονηρῶν
1190 1570 1392 1615 Bothius.

882 1704 984 1756 298

306 1790 447 1865 ἀνὴρ
480 1793 538 1849 δὲ
567 1792 794 1865 χρηστὸς
825 1790 1058 1865 χρηστὸν
1088 1791 1154 1849 οὗ
1185 1806 1335 1865 μισεῖ
1361 1815 1510 1866 ποτε,

309 1877 473 1942 κακὸς
504 1883 651 1951 κακῷ
685 1877 745 1933 δὲ
775 1879 1105 1948 συντέτηκεν
1134 1875 1335 1949 ἡδονῇ·

308 1969 463 2032 φιλεῖ
493 1961 550 2016 δὲ
580 1959 940 2032 θοὺμόφυλον
969 1958 1302 2032 ἀνθρώπους
1332 1959 1501 2033 ἄγειν.

251 2058 345 2104 loh
373 2060 491 2103 Dam.
519 2067 624 2118 post
651 2058 773 2107 Stob
801 2058 888 2103 Eel.
919 2057 1053 2103 Gaisf.
1083 2074 1126 2118 p.
1158 2059 1276 2117 706,
1304 2060 1349 2105 7.
1402 2075 1465 2105 ν5.
1497 2060 1522 2104 1
1561 2059 1729 2119 legitur

142 2129 188 2173 in
223 2127 336 2173 Men.
375 2142 492 2173 mon
531 2127 611 2174 28.
664 2143 726 2173 vs.
757 2127 1006 2202 21espicit
1040 2131 1227 2174 Aristot.
1262 2095 1366 2176 'Elin
1402 2129 1458 2174 M.
1489 2129 1545 2188 2,
1584 2132 1644 2175 11
1682 2146 1725 2191 p.

147 2197 278 2244 1209
306 2198 333 2242 b
360 2197 448 2244 36:
475 2194 527 2241 οἱ
546 2195 751 2257 φαῦλοι,
791 2187 854 2253 ὡς
880 2192 1031 2255 φησὶν
1058 2190 1349 2257 Ευριπίδης,
1377 2191 1514 2243 αὐτοὶ
1543 2194 1728 2254 ἑαυτοῖς

141 2261 276 2325 ηδεῐς
309 2263 453 2311 εἰσίι·
501 2258 653 2322 κακὸς
688 2265 826 2330 κακῷ
860 2262 954 2327 γάρ
975 2264 1294 2334 συντέτηκεν.
1345 2269 1444 2314 Elh.
1471 2270 1581 2314 Eud.
1611 2270 1668 2328 7,
1696 2269 1725 2315 2

142 2352 186 2397 p.
216 2336 350 2383 1238
378 2351 402 2381 a
429 2335 518 2383 34:
556 2328 677 2382 ὅθεν
711 2333 897 2397 λέγεται
930 2326 1068 2397 ξἧλιξ
1100 2328 1246 2398 ήλικα
1271 2333 1459 2397 τέρπει’
1498 2335 1579 2382 καὶ
1609 2337 1725 2383 κα-

143 2399 230 2461 κὸς
264 2406 403 2469 κακῷ
437 2402 721 2466 συντέτηκεν
754 2403 954 2471 ἡδονῇ’.
1014 2407 1114 2452 Eth.
1152 2409 1259 2453 Eud.
1298 2409 1355 2467 7,
1392 2408 1422 2455 5
1464 2424 1510 2469 p.
1541 2409 1672 2456 1239
1703 2410 1727 2453 b

144 2476 234 2521 22:
270 2470 506 2535 ἐνδέχεται
540 2471 623 2521 καὶ
661 2471 774 2531 τούς
811 2474 1030 2535 φαύλους
1063 2468 1299 2551 ἀλλήλους
1325 2479 1511 2535 φιλεῖν·
1551 2469 1728 2532 εκακὸς

143 2560 279 2589 κακω
312 2541 362 2591 δὲ
398 2542 684 2622 συντέτηκεν
719 2537 920 2628 ἡδονῇ’.
972 2537 1118 2601 κακὸς
1145 2546 1282 2612 κακῷ
1311 2543 1386 2611 δὲ]
1413 2548 1554 2613 κακῷ
1579 2541 1727 2603 κακός

143 2629 192 2660 τε
217 2615 309 2661 lob.
338 2617 456 2662 Dam.
507 2605 688 2680 ἡδονῇ]
716 2594 917 2675 ἡδοναῖς
944 2618 1034 2663 [oh.
1065 2618 1183 2663 Dam.

884 2752 988 2804 299

311 2834 383 2906 ὥς
413 2846 649 2913 ἔμφυτος
679 2842 779 2914 μὲν
810 2844 978 2898 πᾶσιν
1008 2840 1323 2916 ἀνθρώποις
1353 2840 1518 2914 κάκη·
